price,quantity,type,timestamp
38986000,0.0976,0,04/28 17:51:58
38985000,0.1155,0,04/28 17:51:58
38984000,0.0789,0,04/28 17:51:58
38983000,0.0858,0,04/28 17:51:58
38982000,0.0621,0,04/28 17:51:58
38996000,0.0318,1,04/28 17:51:58
39000000,1.261,1,04/28 17:51:58
39002000,0.0094,1,04/28 17:51:58
39003000,0.0527,1,04/28 17:51:58
39004000,0.0899,1,04/28 17:51:58
38986000,0.0945,0,04/28 17:51:59
38985000,0.1155,0,04/28 17:51:59
38984000,0.0789,0,04/28 17:51:59
38983000,0.0858,0,04/28 17:51:59
38981000,0.0405,0,04/28 17:51:59
39000000,1.261,1,04/28 17:51:59
39001000,0.0607,1,04/28 17:51:59
39002000,0.0094,1,04/28 17:51:59
39003000,0.0527,1,04/28 17:51:59
39004000,0.0899,1,04/28 17:51:59
38986000,0.0864,0,04/28 17:52:00
38985000,0.1155,0,04/28 17:52:00
38984000,0.0789,0,04/28 17:52:00
38983000,0.0858,0,04/28 17:52:00
38980000,0.0571,0,04/28 17:52:00
38998000,0.0081,1,04/28 17:52:00
39000000,1.261,1,04/28 17:52:00
39001000,0.144,1,04/28 17:52:00
39002000,0.0094,1,04/28 17:52:00
39003000,0.0527,1,04/28 17:52:00
38986000,0.0864,0,04/28 17:52:01
38985000,0.0519,0,04/28 17:52:01
38984000,0.0789,0,04/28 17:52:01
38983000,0.0858,0,04/28 17:52:01
38980000,0.0571,0,04/28 17:52:01
38998000,0.0719,1,04/28 17:52:01
39000000,1.261,1,04/28 17:52:01
39001000,0.144,1,04/28 17:52:01
39002000,0.0094,1,04/28 17:52:01
39003000,0.0527,1,04/28 17:52:01
38985000,0.0519,0,04/28 17:52:02
38984000,0.0789,0,04/28 17:52:02
38983000,0.0858,0,04/28 17:52:02
38981000,0.0644,0,04/28 17:52:02
38980000,0.0571,0,04/28 17:52:02
38998000,0.1924,1,04/28 17:52:02
39000000,1.261,1,04/28 17:52:02
39001000,0.0833,1,04/28 17:52:02
39002000,0.0094,1,04/28 17:52:02
39003000,0.0527,1,04/28 17:52:02
38985000,0.0519,0,04/28 17:52:03
38984000,0.0789,0,04/28 17:52:03
38983000,0.0858,0,04/28 17:52:03
38981000,0.0644,0,04/28 17:52:03
38980000,0.0571,0,04/28 17:52:03
38998000,0.1924,1,04/28 17:52:03
39000000,1.261,1,04/28 17:52:03
39001000,0.0833,1,04/28 17:52:03
39002000,0.0094,1,04/28 17:52:03
39003000,0.0527,1,04/28 17:52:03
38985000,0.0519,0,04/28 17:52:04
38984000,0.0789,0,04/28 17:52:04
38983000,0.0858,0,04/28 17:52:04
38981000,0.0644,0,04/28 17:52:04
38980000,0.0571,0,04/28 17:52:04
38998000,0.1924,1,04/28 17:52:04
39000000,1.261,1,04/28 17:52:04
39001000,0.0833,1,04/28 17:52:04
39002000,0.0094,1,04/28 17:52:04
39003000,0.0527,1,04/28 17:52:04
38985000,0.0519,0,04/28 17:52:05
38984000,0.0789,0,04/28 17:52:05
38983000,0.0858,0,04/28 17:52:05
38981000,0.0644,0,04/28 17:52:05
38980000,0.0571,0,04/28 17:52:05
38998000,0.1924,1,04/28 17:52:05
39000000,1.261,1,04/28 17:52:05
39001000,0.0833,1,04/28 17:52:05
39002000,0.0094,1,04/28 17:52:05
39003000,0.0527,1,04/28 17:52:05
38986000,0.0727,0,04/28 17:52:07
38985000,0.0491,0,04/28 17:52:07
38984000,0.0789,0,04/28 17:52:07
38983000,0.0858,0,04/28 17:52:07
38981000,0.0644,0,04/28 17:52:07
38998000,0.1205,1,04/28 17:52:07
39000000,1.261,1,04/28 17:52:07
39001000,0.0833,1,04/28 17:52:07
39002000,0.0094,1,04/28 17:52:07
39003000,0.0527,1,04/28 17:52:07
38986000,0.158,0,04/28 17:52:08
38985000,0.0491,0,04/28 17:52:08
38984000,0.0789,0,04/28 17:52:08
38983000,0.0858,0,04/28 17:52:08
38981000,0.0403,0,04/28 17:52:08
38998000,0.0313,1,04/28 17:52:08
39000000,1.261,1,04/28 17:52:08
39001000,0.0833,1,04/28 17:52:08
39002000,0.0094,1,04/28 17:52:08
39003000,0.0527,1,04/28 17:52:08
38988000,0.1236,0,04/28 17:52:09
38986000,0.158,0,04/28 17:52:09
38985000,0.088,0,04/28 17:52:09
38984000,0.0789,0,04/28 17:52:09
38983000,0.0858,0,04/28 17:52:09
38998000,0.019,1,04/28 17:52:09
39002000,0.0094,1,04/28 17:52:09
39003000,0.0527,1,04/28 17:52:09
39004000,0.0652,1,04/28 17:52:09
39007000,0.2228,1,04/28 17:52:09
38990000,0.2455,0,04/28 17:52:10
38988000,0.0847,0,04/28 17:52:10
38986000,0.158,0,04/28 17:52:10
38985000,0.0491,0,04/28 17:52:10
38984000,0.0789,0,04/28 17:52:10
39007000,0.0793,1,04/28 17:52:10
39008000,0.0478,1,04/28 17:52:10
39010000,0.0091,1,04/28 17:52:10
39011000,0.056,1,04/28 17:52:10
39013000,0.3301,1,04/28 17:52:10
38997000,0.0652,0,04/28 17:52:11
38996000,0.0694,0,04/28 17:52:11
38994000,0.1563,0,04/28 17:52:11
38993000,0.0048,0,04/28 17:52:11
38992000,0.1598,0,04/28 17:52:11
39007000,0.0793,1,04/28 17:52:11
39010000,0.0966,1,04/28 17:52:11
39011000,0.056,1,04/28 17:52:11
39012000,0.0051,1,04/28 17:52:11
39013000,0.3301,1,04/28 17:52:11
38997000,0.0652,0,04/28 17:52:12
38996000,0.0694,0,04/28 17:52:12
38994000,0.1563,0,04/28 17:52:12
38993000,0.0048,0,04/28 17:52:12
38992000,0.1598,0,04/28 17:52:12
39007000,0.0793,1,04/28 17:52:12
39010000,0.0966,1,04/28 17:52:12
39011000,0.056,1,04/28 17:52:12
39012000,0.0051,1,04/28 17:52:12
39013000,0.3301,1,04/28 17:52:12
38997000,0.0652,0,04/28 17:52:14
38996000,0.0694,0,04/28 17:52:14
38994000,0.1563,0,04/28 17:52:14
38993000,0.0048,0,04/28 17:52:14
38992000,0.1598,0,04/28 17:52:14
39007000,0.0793,1,04/28 17:52:14
39010000,0.0966,1,04/28 17:52:14
39011000,0.056,1,04/28 17:52:14
39012000,0.0051,1,04/28 17:52:14
39013000,0.3301,1,04/28 17:52:14
38997000,0.0652,0,04/28 17:52:15
38996000,0.0694,0,04/28 17:52:15
38994000,0.0938,0,04/28 17:52:15
38993000,0.0048,0,04/28 17:52:15
38992000,0.1598,0,04/28 17:52:15
39010000,0.0875,1,04/28 17:52:15
39011000,0.056,1,04/28 17:52:15
39012000,0.0051,1,04/28 17:52:15
39013000,0.3301,1,04/28 17:52:15
39014000,0.0332,1,04/28 17:52:15
38999000,0.0741,0,04/28 17:52:16
38997000,0.0652,0,04/28 17:52:16
38996000,0.0694,0,04/28 17:52:16
38994000,0.0938,0,04/28 17:52:16
38993000,0.0048,0,04/28 17:52:16
39006000,0.0026,1,04/28 17:52:16
39011000,0.056,1,04/28 17:52:16
39012000,0.0051,1,04/28 17:52:16
39013000,0.3301,1,04/28 17:52:16
39014000,0.1166,1,04/28 17:52:16
38999000,0.0741,0,04/28 17:52:17
38997000,0.0652,0,04/28 17:52:17
38996000,0.0694,0,04/28 17:52:17
38994000,0.0938,0,04/28 17:52:17
38993000,0.0048,0,04/28 17:52:17
39006000,0.0026,1,04/28 17:52:17
39011000,0.056,1,04/28 17:52:17
39012000,0.0051,1,04/28 17:52:17
39013000,0.3301,1,04/28 17:52:17
39014000,0.1166,1,04/28 17:52:17
38994000,0.0541,0,04/28 17:52:18
38993000,0.0048,0,04/28 17:52:18
38992000,0.1598,0,04/28 17:52:18
38990000,0.142,0,04/28 17:52:18
38986000,0.0775,0,04/28 17:52:18
38999000,0.4838,1,04/28 17:52:18
39006000,0.086,1,04/28 17:52:18
39010000,0.0093,1,04/28 17:52:18
39011000,0.1447,1,04/28 17:52:18
39012000,0.0683,1,04/28 17:52:18
38994000,0.1164,0,04/28 17:52:19
38993000,0.0048,0,04/28 17:52:19
38992000,0.1598,0,04/28 17:52:19
38990000,0.142,0,04/28 17:52:19
38986000,0.1179,0,04/28 17:52:19
38999000,0.4838,1,04/28 17:52:19
39006000,0.086,1,04/28 17:52:19
39010000,0.0093,1,04/28 17:52:19
39011000,0.1447,1,04/28 17:52:19
39012000,0.0683,1,04/28 17:52:19
38994000,0.1164,0,04/28 17:52:20
38993000,0.0048,0,04/28 17:52:20
38992000,0.1598,0,04/28 17:52:20
38990000,0.1556,0,04/28 17:52:20
38986000,0.0495,0,04/28 17:52:20
38999000,0.4838,1,04/28 17:52:20
39006000,0.086,1,04/28 17:52:20
39009000,0.0463,1,04/28 17:52:20
39010000,0.0093,1,04/28 17:52:20
39011000,1.4057,1,04/28 17:52:20
38994000,0.1164,0,04/28 17:52:21
38993000,0.0048,0,04/28 17:52:21
38992000,0.1598,0,04/28 17:52:21
38990000,0.1556,0,04/28 17:52:21
38986000,0.0495,0,04/28 17:52:21
38999000,0.4838,1,04/28 17:52:21
39006000,0.086,1,04/28 17:52:21
39009000,0.0463,1,04/28 17:52:21
39010000,0.0093,1,04/28 17:52:21
39011000,1.4057,1,04/28 17:52:21
38994000,0.1164,0,04/28 17:52:22
38993000,0.0048,0,04/28 17:52:22
38992000,0.1598,0,04/28 17:52:22
38990000,0.1556,0,04/28 17:52:22
38986000,0.0495,0,04/28 17:52:22
38999000,0.4543,1,04/28 17:52:22
39006000,0.086,1,04/28 17:52:22
39008000,0.0552,1,04/28 17:52:22
39009000,0.0463,1,04/28 17:52:22
39010000,0.0093,1,04/28 17:52:22
38994000,0.114,0,04/28 17:52:23
38993000,0.0048,0,04/28 17:52:23
38992000,0.0781,0,04/28 17:52:23
38990000,0.1556,0,04/28 17:52:23
38986000,0.0495,0,04/28 17:52:23
38999000,0.4543,1,04/28 17:52:23
39004000,0.0318,1,04/28 17:52:23
39006000,0.086,1,04/28 17:52:23
39008000,0.0552,1,04/28 17:52:23
39009000,0.0463,1,04/28 17:52:23
38984000,0.0789,0,04/28 17:52:24
38980000,0.0891,0,04/28 17:52:24
38979000,0.058,0,04/28 17:52:24
38978000,0.0391,0,04/28 17:52:24
38977000,0.6557,0,04/28 17:52:24
38991000,0.0123,1,04/28 17:52:24
38992000,0.0132,1,04/28 17:52:24
38993000,0.0993,1,04/28 17:52:24
38997000,0.0886,1,04/28 17:52:24
38998000,0.0491,1,04/28 17:52:24
38980000,0.0013,0,04/28 17:52:25
38979000,0.058,0,04/28 17:52:25
38977000,0.0557,0,04/28 17:52:25
38976000,0.0054,0,04/28 17:52:25
38974000,0.0316,0,04/28 17:52:25
38989000,0.0078,1,04/28 17:52:25
38992000,0.064,1,04/28 17:52:25
38993000,0.1704,1,04/28 17:52:25
38995000,0.0868,1,04/28 17:52:25
38996000,0.1042,1,04/28 17:52:25
38974000,0.0316,0,04/28 17:52:26
38973000,0.0064,0,04/28 17:52:26
38971000,0.1383,0,04/28 17:52:26
38970000,0.0634,0,04/28 17:52:26
38969000,0.0551,0,04/28 17:52:26
38982000,0.058,1,04/28 17:52:26
38983000,0.094,1,04/28 17:52:26
38984000,0.0858,1,04/28 17:52:26
38986000,0.0622,1,04/28 17:52:26
38989000,0.1115,1,04/28 17:52:26
38974000,0.0316,0,04/28 17:52:27
38973000,0.0064,0,04/28 17:52:27
38971000,0.1383,0,04/28 17:52:27
38970000,0.0634,0,04/28 17:52:27
38969000,0.0551,0,04/28 17:52:27
38981000,0.0093,1,04/28 17:52:27
38982000,0.058,1,04/28 17:52:27
38983000,0.094,1,04/28 17:52:27
38984000,0.0858,1,04/28 17:52:27
38986000,0.0622,1,04/28 17:52:27
38974000,0.0316,0,04/28 17:52:28
38973000,0.0064,0,04/28 17:52:28
38971000,0.1383,0,04/28 17:52:28
38970000,0.0634,0,04/28 17:52:28
38969000,0.0551,0,04/28 17:52:28
38982000,0.058,1,04/28 17:52:28
38983000,0.094,1,04/28 17:52:28
38984000,0.0858,1,04/28 17:52:28
38986000,0.0622,1,04/28 17:52:28
38987000,0.0313,1,04/28 17:52:28
38982000,0.058,0,04/28 17:52:30
38974000,0.0452,0,04/28 17:52:30
38973000,0.0064,0,04/28 17:52:30
38971000,0.1383,0,04/28 17:52:30
38970000,0.0634,0,04/28 17:52:30
38983000,0.094,1,04/28 17:52:30
38986000,0.0622,1,04/28 17:52:30
38987000,0.0313,1,04/28 17:52:30
38992000,0.064,1,04/28 17:52:30
38993000,0.06,1,04/28 17:52:30
38982000,0.058,0,04/28 17:52:31
38974000,0.0452,0,04/28 17:52:31
38973000,0.0064,0,04/28 17:52:31
38971000,0.1383,0,04/28 17:52:31
38970000,0.0634,0,04/28 17:52:31
38983000,0.094,1,04/28 17:52:31
38986000,0.0622,1,04/28 17:52:31
38987000,0.0313,1,04/28 17:52:31
38992000,0.064,1,04/28 17:52:31
38993000,0.06,1,04/28 17:52:31
38974000,0.0452,0,04/28 17:52:32
38973000,0.0064,0,04/28 17:52:32
38971000,0.1383,0,04/28 17:52:32
38970000,0.0634,0,04/28 17:52:32
38969000,0.0551,0,04/28 17:52:32
38984000,0.0845,1,04/28 17:52:32
38986000,0.0622,1,04/28 17:52:32
38987000,0.0313,1,04/28 17:52:32
38988000,0.0873,1,04/28 17:52:32
38990000,0.0493,1,04/28 17:52:32
38974000,0.0452,0,04/28 17:52:33
38973000,0.0064,0,04/28 17:52:33
38971000,0.1383,0,04/28 17:52:33
38970000,0.0634,0,04/28 17:52:33
38969000,0.0551,0,04/28 17:52:33
38986000,0.0622,1,04/28 17:52:33
38987000,0.0313,1,04/28 17:52:33
38988000,0.0873,1,04/28 17:52:33
38990000,0.0493,1,04/28 17:52:33
38991000,0.0084,1,04/28 17:52:33
38973000,0.0064,0,04/28 17:52:34
38971000,0.0064,0,04/28 17:52:34
38970000,0.0634,0,04/28 17:52:34
38969000,0.0551,0,04/28 17:52:34
38968000,0.005,0,04/28 17:52:34
38984000,0.0845,1,04/28 17:52:34
38986000,0.0622,1,04/28 17:52:34
38987000,0.0313,1,04/28 17:52:34
38988000,0.0873,1,04/28 17:52:34
38990000,0.0493,1,04/28 17:52:34
38973000,0.1579,0,04/28 17:52:35
38971000,0.0064,0,04/28 17:52:35
38970000,0.1506,0,04/28 17:52:35
38969000,0.0955,0,04/28 17:52:35
38968000,0.005,0,04/28 17:52:35
38985000,1.261,1,04/28 17:52:35
38987000,0.0313,1,04/28 17:52:35
38988000,0.0873,1,04/28 17:52:35
38990000,0.0493,1,04/28 17:52:35
38991000,0.0084,1,04/28 17:52:35
38973000,0.1579,0,04/28 17:52:36
38971000,0.0064,0,04/28 17:52:36
38970000,0.1506,0,04/28 17:52:36
38969000,0.0955,0,04/28 17:52:36
38968000,0.005,0,04/28 17:52:36
38985000,1.261,1,04/28 17:52:36
38987000,0.0313,1,04/28 17:52:36
38988000,0.0873,1,04/28 17:52:36
38990000,0.0493,1,04/28 17:52:36
38991000,0.0084,1,04/28 17:52:36
38976000,0.1459,0,04/28 17:52:37
38974000,0.0698,0,04/28 17:52:37
38973000,0.1579,0,04/28 17:52:37
38972000,0.0423,0,04/28 17:52:37
38971000,0.0064,0,04/28 17:52:37
38987000,0.0313,1,04/28 17:52:37
38990000,0.0493,1,04/28 17:52:37
38991000,0.064,1,04/28 17:52:37
38992000,0.1086,1,04/28 17:52:37
38993000,0.0211,1,04/28 17:52:37
38971000,0.0064,0,04/28 17:52:38
38967000,0.0002,0,04/28 17:52:38
38965000,0.0323,0,04/28 17:52:38
38958000,0.0002,0,04/28 17:52:38
38955000,0.1142,0,04/28 17:52:38
38972000,0.291,1,04/28 17:52:38
38974000,0.174,1,04/28 17:52:38
38975000,0.0123,1,04/28 17:52:38
38976000,0.1322,1,04/28 17:52:38
38980000,0.0558,1,04/28 17:52:38
38971000,0.0064,0,04/28 17:52:39
38967000,0.0002,0,04/28 17:52:39
38965000,0.0323,0,04/28 17:52:39
38958000,0.0002,0,04/28 17:52:39
38957000,0.0832,0,04/28 17:52:39
38972000,0.2523,1,04/28 17:52:39
38974000,0.174,1,04/28 17:52:39
38976000,0.1322,1,04/28 17:52:39
38978000,0.0385,1,04/28 17:52:39
38980000,0.0558,1,04/28 17:52:39
38971000,0.0064,0,04/28 17:52:40
38967000,0.0002,0,04/28 17:52:40
38965000,0.0323,0,04/28 17:52:40
38960000,0.0866,0,04/28 17:52:40
38958000,0.0002,0,04/28 17:52:40
38972000,0.1684,1,04/28 17:52:40
38974000,0.0418,1,04/28 17:52:40
38976000,0.1322,1,04/28 17:52:40
38978000,0.0385,1,04/28 17:52:40
38979000,1.261,1,04/28 17:52:40
38971000,0.0045,0,04/28 17:52:41
38967000,0.0002,0,04/28 17:52:41
38965000,0.0323,0,04/28 17:52:41
38960000,0.0866,0,04/28 17:52:41
38958000,0.0002,0,04/28 17:52:41
38974000,0.0325,1,04/28 17:52:41
38979000,1.261,1,04/28 17:52:41
38980000,0.1392,1,04/28 17:52:41
38982000,0.0401,1,04/28 17:52:41
38985000,0.1034,1,04/28 17:52:41
38971000,0.0045,0,04/28 17:52:42
38967000,0.0002,0,04/28 17:52:42
38965000,0.0323,0,04/28 17:52:42
38964000,0.0844,0,04/28 17:52:42
38960000,0.0949,0,04/28 17:52:42
38979000,1.2922,1,04/28 17:52:42
38980000,0.1392,1,04/28 17:52:42
38982000,0.0401,1,04/28 17:52:42
38985000,0.1034,1,04/28 17:52:42
38988000,0.0053,1,04/28 17:52:42
38971000,0.0045,0,04/28 17:52:43
38967000,0.0002,0,04/28 17:52:43
38965000,0.0323,0,04/28 17:52:43
38964000,0.0844,0,04/28 17:52:43
38960000,0.0949,0,04/28 17:52:43
38977000,0.061,1,04/28 17:52:43
38978000,0.0564,1,04/28 17:52:43
38979000,1.261,1,04/28 17:52:43
38980000,0.1392,1,04/28 17:52:43
38982000,0.0401,1,04/28 17:52:43
38971000,0.0045,0,04/28 17:52:44
38967000,0.0002,0,04/28 17:52:44
38965000,0.0323,0,04/28 17:52:44
38964000,0.0844,0,04/28 17:52:44
38960000,0.0949,0,04/28 17:52:44
38977000,0.061,1,04/28 17:52:44
38978000,0.0564,1,04/28 17:52:44
38979000,1.261,1,04/28 17:52:44
38980000,0.1392,1,04/28 17:52:44
38982000,0.0401,1,04/28 17:52:44
38971000,0.0045,0,04/28 17:52:45
38967000,0.0002,0,04/28 17:52:45
38965000,0.0323,0,04/28 17:52:45
38964000,0.0844,0,04/28 17:52:45
38960000,0.0949,0,04/28 17:52:45
38977000,0.061,1,04/28 17:52:45
38978000,0.0564,1,04/28 17:52:45
38979000,1.261,1,04/28 17:52:45
38980000,0.0558,1,04/28 17:52:45
38982000,0.0401,1,04/28 17:52:45
38971000,0.0027,0,04/28 17:52:47
38967000,0.0002,0,04/28 17:52:47
38965000,0.0323,0,04/28 17:52:47
38960000,0.0866,0,04/28 17:52:47
38959000,0.0609,0,04/28 17:52:47
38977000,0.1156,1,04/28 17:52:47
38978000,0.0564,1,04/28 17:52:47
38979000,1.261,1,04/28 17:52:47
38980000,0.0558,1,04/28 17:52:47
38981000,0.0956,1,04/28 17:52:47
38971000,0.0027,0,04/28 17:52:48
38967000,0.0002,0,04/28 17:52:48
38965000,0.0323,0,04/28 17:52:48
38963000,0.0896,0,04/28 17:52:48
38960000,0.0866,0,04/28 17:52:48
38977000,0.1156,1,04/28 17:52:48
38978000,0.0564,1,04/28 17:52:48
38979000,1.261,1,04/28 17:52:48
38980000,0.0558,1,04/28 17:52:48
38981000,0.0956,1,04/28 17:52:48
38967000,0.0002,0,04/28 17:52:49
38965000,0.0323,0,04/28 17:52:49
38963000,0.0896,0,04/28 17:52:49
38960000,0.0866,0,04/28 17:52:49
38959000,0.0609,0,04/28 17:52:49
38971000,0.4585,1,04/28 17:52:49
38977000,0.1156,1,04/28 17:52:49
38978000,0.0963,1,04/28 17:52:49
38979000,1.261,1,04/28 17:52:49
38980000,0.0558,1,04/28 17:52:49
38960000,0.0866,0,04/28 17:52:50
38959000,0.0609,0,04/28 17:52:50
38958000,0.0002,0,04/28 17:52:50
38957000,0.0832,0,04/28 17:52:50
38956000,0.055,0,04/28 17:52:50
38971000,0.4585,1,04/28 17:52:50
38974000,0.061,1,04/28 17:52:50
38977000,0.0546,1,04/28 17:52:50
38978000,0.0963,1,04/28 17:52:50
38979000,1.261,1,04/28 17:52:50
38971000,0.0012,0,04/28 17:52:51
38967000,0.0891,0,04/28 17:52:51
38964000,0.0834,0,04/28 17:52:51
38963000,0.0319,0,04/28 17:52:51
38962000,0.0729,0,04/28 17:52:51
38977000,0.0546,1,04/28 17:52:51
38978000,0.0564,1,04/28 17:52:51
38979000,1.261,1,04/28 17:52:51
38980000,0.1187,1,04/28 17:52:51
38983000,0.0863,1,04/28 17:52:51
38967000,0.0891,0,04/28 17:52:52
38964000,0.0834,0,04/28 17:52:52
38963000,0.0319,0,04/28 17:52:52
38962000,0.0729,0,04/28 17:52:52
38961000,0.0898,0,04/28 17:52:52
38977000,0.0546,1,04/28 17:52:52
38978000,0.0564,1,04/28 17:52:52
38979000,1.261,1,04/28 17:52:52
38980000,0.1187,1,04/28 17:52:52
38983000,0.0863,1,04/28 17:52:52
38967000,0.0895,0,04/28 17:52:53
38965000,0.1111,0,04/28 17:52:53
38964000,0.1371,0,04/28 17:52:53
38963000,0.0319,0,04/28 17:52:53
38962000,0.0084,0,04/28 17:52:53
38977000,0.0546,1,04/28 17:52:53
38978000,0.0564,1,04/28 17:52:53
38979000,1.261,1,04/28 17:52:53
38980000,0.0558,1,04/28 17:52:53
38982000,0.062,1,04/28 17:52:53
38967000,0.0895,0,04/28 17:52:54
38965000,0.1111,0,04/28 17:52:54
38964000,0.1371,0,04/28 17:52:54
38963000,0.0319,0,04/28 17:52:54
38962000,0.0084,0,04/28 17:52:54
38977000,0.0546,1,04/28 17:52:54
38978000,0.0564,1,04/28 17:52:54
38979000,1.261,1,04/28 17:52:54
38980000,0.0558,1,04/28 17:52:54
38982000,0.062,1,04/28 17:52:54
38982000,0.0845,0,04/28 17:52:55
38981000,0.2165,0,04/28 17:52:55
38980000,0.0914,0,04/28 17:52:55
38978000,0.1935,0,04/28 17:52:55
38977000,0.0226,0,04/28 17:52:55
38988000,0.0053,1,04/28 17:52:55
38990000,0.0493,1,04/28 17:52:55
38991000,1.7737,1,04/28 17:52:55
38992000,0.0446,1,04/28 17:52:55
38993000,0.0642,1,04/28 17:52:55
38981000,0.2149,0,04/28 17:52:56
38980000,0.0995,0,04/28 17:52:56
38978000,0.1935,0,04/28 17:52:56
38977000,0.0214,0,04/28 17:52:56
38973000,0.0581,0,04/28 17:52:56
38982000,0.0845,1,04/28 17:52:56
38989000,0.0629,1,04/28 17:52:56
38990000,0.0493,1,04/28 17:52:56
38991000,1.261,1,04/28 17:52:56
38992000,0.0581,1,04/28 17:52:56
38980000,0.0914,0,04/28 17:52:57
38978000,0.1043,0,04/28 17:52:57
38977000,0.0214,0,04/28 17:52:57
38975000,0.087,0,04/28 17:52:57
38973000,0.0581,0,04/28 17:52:57
38981000,0.0514,1,04/28 17:52:57
38982000,0.0845,1,04/28 17:52:57
38989000,0.0629,1,04/28 17:52:57
38990000,0.0493,1,04/28 17:52:57
38991000,1.261,1,04/28 17:52:57
38977000,0.0214,0,04/28 17:52:58
38975000,0.087,0,04/28 17:52:58
38973000,0.0524,0,04/28 17:52:58
38972000,0.0914,0,04/28 17:52:58
38967000,0.1288,0,04/28 17:52:58
38981000,0.0514,1,04/28 17:52:58
38982000,0.0845,1,04/28 17:52:58
38989000,0.0629,1,04/28 17:52:58
38990000,0.0493,1,04/28 17:52:58
38991000,1.261,1,04/28 17:52:58
38973000,0.0524,0,04/28 17:53:00
38972000,0.0914,0,04/28 17:53:00
38970000,0.0057,0,04/28 17:53:00
38968000,0.0455,0,04/28 17:53:00
38967000,0.1368,0,04/28 17:53:00
38981000,0.0514,1,04/28 17:53:00
38982000,0.0845,1,04/28 17:53:00
38987000,0.0834,1,04/28 17:53:00
38989000,0.0629,1,04/28 17:53:00
38991000,1.261,1,04/28 17:53:00
38973000,0.0524,0,04/28 17:53:01
38972000,0.1799,0,04/28 17:53:01
38970000,0.0057,0,04/28 17:53:01
38968000,0.0455,0,04/28 17:53:01
38967000,0.1368,0,04/28 17:53:01
38981000,0.0514,1,04/28 17:53:01
38987000,0.0834,1,04/28 17:53:01
38989000,0.0629,1,04/28 17:53:01
38991000,1.261,1,04/28 17:53:01
38992000,0.0659,1,04/28 17:53:01
38976000,0.0622,0,04/28 17:53:02
38975000,0.0936,0,04/28 17:53:02
38973000,0.0524,0,04/28 17:53:02
38972000,0.1186,0,04/28 17:53:02
38970000,0.0449,0,04/28 17:53:02
38991000,1.1901,1,04/28 17:53:02
38992000,0.1132,1,04/28 17:53:02
38994000,0.1391,1,04/28 17:53:02
38995000,0.0617,1,04/28 17:53:02
38996000,0.0047,1,04/28 17:53:02
38976000,0.0622,0,04/28 17:53:03
38975000,0.0936,0,04/28 17:53:03
38973000,0.0524,0,04/28 17:53:03
38972000,0.1186,0,04/28 17:53:03
38970000,0.0449,0,04/28 17:53:03
38989000,0.0891,1,04/28 17:53:03
38991000,1.2504,1,04/28 17:53:03
38992000,0.1132,1,04/28 17:53:03
38994000,0.1391,1,04/28 17:53:03
38996000,0.0047,1,04/28 17:53:03
38976000,0.0622,0,04/28 17:53:04
38975000,0.0936,0,04/28 17:53:04
38973000,0.0524,0,04/28 17:53:04
38972000,0.1186,0,04/28 17:53:04
38970000,0.0057,0,04/28 17:53:04
38989000,0.0891,1,04/28 17:53:04
38991000,1.2504,1,04/28 17:53:04
38992000,0.1224,1,04/28 17:53:04
38994000,0.1391,1,04/28 17:53:04
38995000,0.0395,1,04/28 17:53:04
38964000,0.0482,0,04/28 17:53:05
38963000,0.0952,0,04/28 17:53:05
38960000,0.0859,0,04/28 17:53:05
38958000,0.0002,0,04/28 17:53:05
38956000,0.0595,0,04/28 17:53:05
38975000,0.1893,1,04/28 17:53:05
38976000,0.0121,1,04/28 17:53:05
38980000,0.0617,1,04/28 17:53:05
38982000,0.0569,1,04/28 17:53:05
38985000,0.0489,1,04/28 17:53:05
38959000,0.0651,0,04/28 17:53:06
38958000,0.0002,0,04/28 17:53:06
38957000,0.0894,0,04/28 17:53:06
38956000,0.0595,0,04/28 17:53:06
38955000,0.05,0,04/28 17:53:06
38973000,0.0876,1,04/28 17:53:06
38975000,0.1893,1,04/28 17:53:06
38976000,0.0054,1,04/28 17:53:06
38977000,0.148,1,04/28 17:53:06
38978000,0.104,1,04/28 17:53:06
38959000,0.0651,0,04/28 17:53:07
38958000,0.0002,0,04/28 17:53:07
38957000,0.0894,0,04/28 17:53:07
38956000,0.0595,0,04/28 17:53:07
38955000,0.05,0,04/28 17:53:07
38973000,0.1501,1,04/28 17:53:07
38975000,0.1893,1,04/28 17:53:07
38976000,0.0054,1,04/28 17:53:07
38977000,0.148,1,04/28 17:53:07
38978000,0.104,1,04/28 17:53:07
38959000,0.0651,0,04/28 17:53:08
38958000,0.0002,0,04/28 17:53:08
38957000,0.0894,0,04/28 17:53:08
38956000,0.0595,0,04/28 17:53:08
38955000,0.05,0,04/28 17:53:08
38973000,0.1501,1,04/28 17:53:08
38975000,0.1893,1,04/28 17:53:08
38976000,0.0054,1,04/28 17:53:08
38977000,0.148,1,04/28 17:53:08
38978000,0.104,1,04/28 17:53:08
38959000,0.0651,0,04/28 17:53:10
38958000,0.0002,0,04/28 17:53:10
38957000,0.0894,0,04/28 17:53:10
38956000,0.0595,0,04/28 17:53:10
38955000,0.05,0,04/28 17:53:10
38973000,0.1501,1,04/28 17:53:10
38975000,0.1893,1,04/28 17:53:10
38976000,0.0054,1,04/28 17:53:10
38977000,0.0989,1,04/28 17:53:10
38978000,0.104,1,04/28 17:53:10
38959000,0.0651,0,04/28 17:53:11
38958000,0.0002,0,04/28 17:53:11
38957000,0.0894,0,04/28 17:53:11
38956000,0.0595,0,04/28 17:53:11
38955000,0.05,0,04/28 17:53:11
38973000,0.1501,1,04/28 17:53:11
38975000,0.1893,1,04/28 17:53:11
38976000,0.0054,1,04/28 17:53:11
38977000,0.0989,1,04/28 17:53:11
38978000,0.104,1,04/28 17:53:11
38957000,0.0883,0,04/28 17:53:12
38956000,0.0595,0,04/28 17:53:12
38955000,0.05,0,04/28 17:53:12
38954000,0.1357,0,04/28 17:53:12
38951000,0.072,0,04/28 17:53:12
38970000,0.0894,1,04/28 17:53:12
38971000,0.0604,1,04/28 17:53:12
38973000,0.0876,1,04/28 17:53:12
38975000,0.1893,1,04/28 17:53:12
38976000,0.0054,1,04/28 17:53:12
38957000,0.0883,0,04/28 17:53:13
38956000,0.0595,0,04/28 17:53:13
38955000,0.05,0,04/28 17:53:13
38954000,0.1357,0,04/28 17:53:13
38951000,0.072,0,04/28 17:53:13
38968000,0.063,1,04/28 17:53:13
38970000,0.029,1,04/28 17:53:13
38973000,0.0876,1,04/28 17:53:13
38975000,0.1893,1,04/28 17:53:13
38976000,0.0054,1,04/28 17:53:13
38957000,0.0883,0,04/28 17:53:14
38956000,0.0595,0,04/28 17:53:14
38955000,0.05,0,04/28 17:53:14
38954000,0.1357,0,04/28 17:53:14
38951000,0.072,0,04/28 17:53:14
38968000,0.0515,1,04/28 17:53:14
38970000,0.029,1,04/28 17:53:14
38973000,0.0876,1,04/28 17:53:14
38975000,0.1893,1,04/28 17:53:14
38976000,0.0054,1,04/28 17:53:14
38957000,0.0883,0,04/28 17:53:15
38956000,0.0595,0,04/28 17:53:15
38955000,0.05,0,04/28 17:53:15
38954000,0.1357,0,04/28 17:53:15
38951000,0.072,0,04/28 17:53:15
38968000,0.0144,1,04/28 17:53:15
38970000,0.029,1,04/28 17:53:15
38973000,0.0876,1,04/28 17:53:15
38975000,0.1893,1,04/28 17:53:15
38976000,0.0054,1,04/28 17:53:15
38957000,0.0871,0,04/28 17:53:16
38956000,0.0595,0,04/28 17:53:16
38955000,0.05,0,04/28 17:53:16
38954000,0.1357,0,04/28 17:53:16
38951000,0.072,0,04/28 17:53:16
38968000,0.0144,1,04/28 17:53:16
38973000,0.0876,1,04/28 17:53:16
38975000,0.1893,1,04/28 17:53:16
38976000,0.0054,1,04/28 17:53:16
38977000,0.0385,1,04/28 17:53:16
38943000,0.0541,0,04/28 17:53:17
38942000,0.092,0,04/28 17:53:17
38941000,0.0624,0,04/28 17:53:17
38939000,0.0054,0,04/28 17:53:17
38937000,0.1292,0,04/28 17:53:17
38956000,0.0841,1,04/28 17:53:17
38957000,0.0121,1,04/28 17:53:17
38959000,0.0813,1,04/28 17:53:17
38961000,0.0633,1,04/28 17:53:17
38964000,0.0499,1,04/28 17:53:17
38943000,0.0541,0,04/28 17:53:18
38942000,0.0836,0,04/28 17:53:18
38941000,0.0624,0,04/28 17:53:18
38939000,0.0054,0,04/28 17:53:18
38937000,0.1292,0,04/28 17:53:18
38958000,0.0649,1,04/28 17:53:18
38959000,0.0421,1,04/28 17:53:18
38962000,0.0395,1,04/28 17:53:18
38964000,0.0499,1,04/28 17:53:18
38966000,0.1875,1,04/28 17:53:18
38943000,0.0541,0,04/28 17:53:19
38942000,0.0836,0,04/28 17:53:19
38941000,0.0624,0,04/28 17:53:19
38939000,0.0054,0,04/28 17:53:19
38937000,0.1292,0,04/28 17:53:19
38958000,0.0649,1,04/28 17:53:19
38959000,0.0421,1,04/28 17:53:19
38962000,0.0395,1,04/28 17:53:19
38964000,0.0499,1,04/28 17:53:19
38966000,0.1875,1,04/28 17:53:19
38943000,0.0529,0,04/28 17:53:20
38942000,0.0836,0,04/28 17:53:20
38941000,0.0624,0,04/28 17:53:20
38939000,0.0054,0,04/28 17:53:20
38937000,0.1698,0,04/28 17:53:20
38960000,0.1161,1,04/28 17:53:20
38964000,0.0409,1,04/28 17:53:20
38966000,0.1372,1,04/28 17:53:20
38968000,1.3687,1,04/28 17:53:20
38969000,0.0884,1,04/28 17:53:20
38943000,0.0529,0,04/28 17:53:21
38942000,0.0836,0,04/28 17:53:21
38941000,0.0624,0,04/28 17:53:21
38939000,0.0054,0,04/28 17:53:21
38937000,0.1698,0,04/28 17:53:21
38960000,0.1161,1,04/28 17:53:21
38964000,0.0409,1,04/28 17:53:21
38966000,0.1372,1,04/28 17:53:21
38968000,1.3687,1,04/28 17:53:21
38969000,0.0884,1,04/28 17:53:21
38956000,0.1336,0,04/28 17:53:22
38943000,0.0529,0,04/28 17:53:22
38941000,0.0624,0,04/28 17:53:22
38937000,0.084,0,04/28 17:53:22
38935000,0.5,0,04/28 17:53:22
38957000,0.0652,1,04/28 17:53:22
38958000,0.0938,1,04/28 17:53:22
38960000,0.216,1,04/28 17:53:22
38966000,0.1372,1,04/28 17:53:22
38968000,1.3115,1,04/28 17:53:22
38945000,0.0049,0,04/28 17:53:23
38943000,0.0078,0,04/28 17:53:23
38942000,0.054,0,04/28 17:53:23
38941000,0.0836,0,04/28 17:53:23
38939000,0.0471,0,04/28 17:53:23
38954000,0.3266,1,04/28 17:53:23
38960000,0.1549,1,04/28 17:53:23
38966000,0.1372,1,04/28 17:53:23
38968000,1.3497,1,04/28 17:53:23
38969000,0.0884,1,04/28 17:53:23
38945000,0.0884,0,04/28 17:53:25
38943000,0.0078,0,04/28 17:53:25
38942000,0.054,0,04/28 17:53:25
38941000,0.1454,0,04/28 17:53:25
38939000,0.0471,0,04/28 17:53:25
38954000,0.3067,1,04/28 17:53:25
38960000,0.2234,1,04/28 17:53:25
38966000,0.1372,1,04/28 17:53:25
38968000,1.3497,1,04/28 17:53:25
38969000,0.0884,1,04/28 17:53:25
38945000,0.0884,0,04/28 17:53:26
38943000,0.0078,0,04/28 17:53:26
38942000,0.054,0,04/28 17:53:26
38941000,0.1454,0,04/28 17:53:26
38939000,0.0471,0,04/28 17:53:26
38954000,0.3067,1,04/28 17:53:26
38960000,0.1549,1,04/28 17:53:26
38966000,0.1372,1,04/28 17:53:26
38968000,1.3497,1,04/28 17:53:26
38969000,0.0884,1,04/28 17:53:26
38945000,0.0884,0,04/28 17:53:27
38943000,0.0078,0,04/28 17:53:27
38942000,0.054,0,04/28 17:53:27
38941000,0.1454,0,04/28 17:53:27
38939000,0.0471,0,04/28 17:53:27
38954000,0.0188,1,04/28 17:53:27
38960000,0.1549,1,04/28 17:53:27
38966000,0.1372,1,04/28 17:53:27
38968000,0.0887,1,04/28 17:53:27
38969000,0.0884,1,04/28 17:53:27
38947000,0.0876,0,04/28 17:53:28
38946000,0.0624,0,04/28 17:53:28
38945000,0.1187,0,04/28 17:53:28
38943000,0.0078,0,04/28 17:53:28
38942000,0.054,0,04/28 17:53:28
38957000,0.3754,1,04/28 17:53:28
38960000,0.1549,1,04/28 17:53:28
38963000,0.085,1,04/28 17:53:28
38966000,0.1372,1,04/28 17:53:28
38968000,0.0505,1,04/28 17:53:28
38947000,0.0876,0,04/28 17:53:29
38946000,0.0624,0,04/28 17:53:29
38945000,0.1187,0,04/28 17:53:29
38943000,0.0078,0,04/28 17:53:29
38942000,0.054,0,04/28 17:53:29
38957000,0.3754,1,04/28 17:53:29
38960000,0.1549,1,04/28 17:53:29
38963000,0.085,1,04/28 17:53:29
38966000,0.1372,1,04/28 17:53:29
38968000,0.0505,1,04/28 17:53:29
38949000,0.0683,0,04/28 17:53:30
38948000,0.0833,0,04/28 17:53:30
38947000,0.1382,0,04/28 17:53:30
38946000,0.0624,0,04/28 17:53:30
38945000,0.157,0,04/28 17:53:30
38957000,0.1306,1,04/28 17:53:30
38966000,0.0478,1,04/28 17:53:30
38968000,0.0505,1,04/28 17:53:30
38969000,1.3494,1,04/28 17:53:30
38971000,0.0585,1,04/28 17:53:30
38959000,0.0251,0,04/28 17:53:31
38958000,0.1491,0,04/28 17:53:31
38957000,0.3381,0,04/28 17:53:31
38955000,0.0386,0,04/28 17:53:31
38954000,0.0529,0,04/28 17:53:31
38968000,0.0001,1,04/28 17:53:31
38971000,0.0585,1,04/28 17:53:31
38975000,0.0995,1,04/28 17:53:31
38976000,0.0054,1,04/28 17:53:31
38977000,0.0843,1,04/28 17:53:31
38959000,0.0251,0,04/28 17:53:32
38958000,0.1491,0,04/28 17:53:32
38957000,0.3381,0,04/28 17:53:32
38955000,0.0386,0,04/28 17:53:32
38954000,0.0529,0,04/28 17:53:32
38968000,0.0001,1,04/28 17:53:32
38971000,0.0585,1,04/28 17:53:32
38975000,0.0995,1,04/28 17:53:32
38976000,0.0054,1,04/28 17:53:32
38977000,0.0843,1,04/28 17:53:32
38959000,0.0251,0,04/28 17:53:33
38958000,0.1491,0,04/28 17:53:33
38957000,0.3428,0,04/28 17:53:33
38955000,0.0386,0,04/28 17:53:33
38954000,0.0529,0,04/28 17:53:33
38968000,0.0001,1,04/28 17:53:33
38971000,0.0585,1,04/28 17:53:33
38975000,0.0995,1,04/28 17:53:33
38976000,0.0054,1,04/28 17:53:33
38977000,0.0843,1,04/28 17:53:33
38959000,0.0251,0,04/28 17:53:34
38958000,0.1491,0,04/28 17:53:34
38957000,0.3428,0,04/28 17:53:34
38955000,0.0386,0,04/28 17:53:34
38951000,0.1433,0,04/28 17:53:34
38968000,0.0001,1,04/28 17:53:34
38971000,0.0585,1,04/28 17:53:34
38975000,0.0995,1,04/28 17:53:34
38976000,0.0054,1,04/28 17:53:34
38977000,0.0843,1,04/28 17:53:34
38959000,0.0251,0,04/28 17:53:35
38958000,0.1491,0,04/28 17:53:35
38957000,0.3428,0,04/28 17:53:35
38955000,0.0386,0,04/28 17:53:35
38951000,0.1433,0,04/28 17:53:35
38968000,0.0001,1,04/28 17:53:35
38971000,0.0585,1,04/28 17:53:35
38975000,0.0995,1,04/28 17:53:35
38976000,0.0054,1,04/28 17:53:35
38977000,0.0843,1,04/28 17:53:35
38959000,0.0242,0,04/28 17:53:36
38958000,0.1437,0,04/28 17:53:36
38957000,0.1884,0,04/28 17:53:36
38954000,0.0078,0,04/28 17:53:36
38951000,0.1433,0,04/28 17:53:36
38968000,0.0001,1,04/28 17:53:36
38970000,0.0324,1,04/28 17:53:36
38971000,0.0585,1,04/28 17:53:36
38972000,0.0888,1,04/28 17:53:36
38975000,0.1634,1,04/28 17:53:36
38959000,0.0242,0,04/28 17:53:37
38958000,0.1437,0,04/28 17:53:37
38957000,0.1884,0,04/28 17:53:37
38954000,0.0078,0,04/28 17:53:37
38951000,0.1433,0,04/28 17:53:37
38968000,0.0001,1,04/28 17:53:37
38970000,0.0324,1,04/28 17:53:37
38971000,0.0585,1,04/28 17:53:37
38972000,0.0888,1,04/28 17:53:37
38975000,0.1634,1,04/28 17:53:37
38959000,0.0242,0,04/28 17:53:39
38958000,0.1437,0,04/28 17:53:39
38957000,0.1756,0,04/28 17:53:39
38954000,0.0078,0,04/28 17:53:39
38951000,0.1433,0,04/28 17:53:39
38968000,0.0001,1,04/28 17:53:39
38970000,0.0324,1,04/28 17:53:39
38971000,0.0585,1,04/28 17:53:39
38972000,0.0888,1,04/28 17:53:39
38975000,0.1634,1,04/28 17:53:39
38959000,0.0233,0,04/28 17:53:40
38958000,0.1437,0,04/28 17:53:40
38957000,0.1756,0,04/28 17:53:40
38956000,0.0872,0,04/28 17:53:40
38954000,0.0078,0,04/28 17:53:40
38968000,0.0001,1,04/28 17:53:40
38970000,0.0324,1,04/28 17:53:40
38971000,0.0585,1,04/28 17:53:40
38972000,0.0888,1,04/28 17:53:40
38975000,0.1634,1,04/28 17:53:40
38959000,0.0233,0,04/28 17:53:41
38958000,0.1437,0,04/28 17:53:41
38957000,0.1756,0,04/28 17:53:41
38956000,0.0872,0,04/28 17:53:41
38954000,0.0078,0,04/28 17:53:41
38968000,0.0001,1,04/28 17:53:41
38970000,0.0324,1,04/28 17:53:41
38971000,0.0585,1,04/28 17:53:41
38972000,0.0888,1,04/28 17:53:41
38975000,0.1634,1,04/28 17:53:41
38959000,0.0233,0,04/28 17:53:42
38958000,0.1437,0,04/28 17:53:42
38957000,0.1756,0,04/28 17:53:42
38956000,0.0872,0,04/28 17:53:42
38954000,0.0078,0,04/28 17:53:42
38968000,0.0001,1,04/28 17:53:42
38970000,0.0324,1,04/28 17:53:42
38971000,0.0585,1,04/28 17:53:42
38972000,0.0888,1,04/28 17:53:42
38975000,0.1634,1,04/28 17:53:42
38959000,0.0233,0,04/28 17:53:43
38958000,0.1437,0,04/28 17:53:43
38957000,0.1756,0,04/28 17:53:43
38956000,0.0872,0,04/28 17:53:43
38954000,0.0078,0,04/28 17:53:43
38968000,0.0001,1,04/28 17:53:43
38970000,0.0324,1,04/28 17:53:43
38971000,0.0585,1,04/28 17:53:43
38972000,0.0888,1,04/28 17:53:43
38975000,0.1634,1,04/28 17:53:43
38959000,0.0224,0,04/28 17:53:44
38958000,0.1437,0,04/28 17:53:44
38957000,0.1756,0,04/28 17:53:44
38956000,0.0872,0,04/28 17:53:44
38954000,0.0078,0,04/28 17:53:44
38968000,0.0001,1,04/28 17:53:44
38970000,0.0324,1,04/28 17:53:44
38971000,0.0585,1,04/28 17:53:44
38972000,0.0888,1,04/28 17:53:44
38975000,0.1634,1,04/28 17:53:44
38958000,0.0661,0,04/28 17:53:45
38957000,0.1756,0,04/28 17:53:45
38956000,0.0872,0,04/28 17:53:45
38954000,0.0078,0,04/28 17:53:45
38952000,0.0384,0,04/28 17:53:45
38968000,0.0001,1,04/28 17:53:45
38970000,0.0324,1,04/28 17:53:45
38971000,0.0585,1,04/28 17:53:45
38972000,0.0888,1,04/28 17:53:45
38975000,0.1634,1,04/28 17:53:45
38958000,0.0661,0,04/28 17:53:46
38957000,0.1756,0,04/28 17:53:46
38956000,0.0872,0,04/28 17:53:46
38954000,0.0323,0,04/28 17:53:46
38952000,0.0473,0,04/28 17:53:46
38970000,0.0324,1,04/28 17:53:46
38971000,0.0585,1,04/28 17:53:46
38972000,0.0888,1,04/28 17:53:46
38975000,0.1634,1,04/28 17:53:46
38976000,0.0054,1,04/28 17:53:46
38950000,0.0629,0,04/28 17:53:48
38945000,0.0313,0,04/28 17:53:48
38942000,0.054,0,04/28 17:53:48
38941000,0.0588,0,04/28 17:53:48
38939000,0.0471,0,04/28 17:53:48
38957000,0.1322,1,04/28 17:53:48
38960000,0.0579,1,04/28 17:53:48
38961000,0.0548,1,04/28 17:53:48
38962000,0.1209,1,04/28 17:53:48
38965000,0.0616,1,04/28 17:53:48
38950000,0.0629,0,04/28 17:53:49
38945000,0.0313,0,04/28 17:53:49
38942000,0.054,0,04/28 17:53:49
38941000,0.0588,0,04/28 17:53:49
38939000,0.0471,0,04/28 17:53:49
38957000,0.1322,1,04/28 17:53:49
38960000,0.0579,1,04/28 17:53:49
38961000,0.0548,1,04/28 17:53:49
38962000,0.1209,1,04/28 17:53:49
38965000,0.0616,1,04/28 17:53:49
38945000,0.1774,0,04/28 17:53:50
38942000,0.054,0,04/28 17:53:50
38941000,0.0588,0,04/28 17:53:50
38940000,0.0402,0,04/28 17:53:50
38939000,0.0471,0,04/28 17:53:50
38957000,0.1322,1,04/28 17:53:50
38959000,0.0871,1,04/28 17:53:50
38961000,0.0548,1,04/28 17:53:50
38962000,0.1209,1,04/28 17:53:50
38965000,1.3226,1,04/28 17:53:50
38945000,0.1774,0,04/28 17:53:51
38942000,0.054,0,04/28 17:53:51
38941000,0.0588,0,04/28 17:53:51
38940000,0.0402,0,04/28 17:53:51
38939000,0.0471,0,04/28 17:53:51
38957000,0.1322,1,04/28 17:53:51
38959000,0.0871,1,04/28 17:53:51
38961000,0.0548,1,04/28 17:53:51
38962000,0.1209,1,04/28 17:53:51
38965000,1.3226,1,04/28 17:53:51
38945000,0.1774,0,04/28 17:53:52
38942000,0.054,0,04/28 17:53:52
38941000,0.0588,0,04/28 17:53:52
38940000,0.0402,0,04/28 17:53:52
38939000,0.0471,0,04/28 17:53:52
38957000,0.0839,1,04/28 17:53:52
38958000,0.0092,1,04/28 17:53:52
38959000,0.0871,1,04/28 17:53:52
38961000,0.0548,1,04/28 17:53:52
38962000,0.1209,1,04/28 17:53:52
38945000,0.0766,0,04/28 17:53:53
38942000,0.054,0,04/28 17:53:53
38941000,0.0588,0,04/28 17:53:53
38940000,0.0402,0,04/28 17:53:53
38939000,0.0471,0,04/28 17:53:53
38957000,0.0839,1,04/28 17:53:53
38958000,0.0092,1,04/28 17:53:53
38959000,0.1578,1,04/28 17:53:53
38961000,0.0548,1,04/28 17:53:53
38962000,0.1209,1,04/28 17:53:53
38945000,0.0766,0,04/28 17:53:54
38942000,0.054,0,04/28 17:53:54
38941000,0.0588,0,04/28 17:53:54
38940000,0.0402,0,04/28 17:53:54
38939000,0.0471,0,04/28 17:53:54
38957000,0.0839,1,04/28 17:53:54
38958000,0.0092,1,04/28 17:53:54
38959000,0.1578,1,04/28 17:53:54
38961000,0.0548,1,04/28 17:53:54
38962000,0.1209,1,04/28 17:53:54
38945000,0.0676,0,04/28 17:53:55
38943000,0.0712,0,04/28 17:53:55
38942000,0.054,0,04/28 17:53:55
38941000,0.0588,0,04/28 17:53:55
38940000,0.0402,0,04/28 17:53:55
38957000,0.0839,1,04/28 17:53:55
38958000,0.0092,1,04/28 17:53:55
38959000,0.1578,1,04/28 17:53:55
38961000,0.0548,1,04/28 17:53:55
38962000,0.1209,1,04/28 17:53:55
38945000,0.0676,0,04/28 17:53:56
38943000,0.0712,0,04/28 17:53:56
38942000,0.054,0,04/28 17:53:56
38941000,0.0588,0,04/28 17:53:56
38940000,0.0402,0,04/28 17:53:56
38957000,0.0711,1,04/28 17:53:56
38958000,0.0092,1,04/28 17:53:56
38959000,0.1578,1,04/28 17:53:56
38961000,0.0548,1,04/28 17:53:56
38962000,0.1209,1,04/28 17:53:56
38945000,0.0668,0,04/28 17:53:57
38943000,0.0712,0,04/28 17:53:57
38942000,0.054,0,04/28 17:53:57
38941000,0.0588,0,04/28 17:53:57
38940000,0.0402,0,04/28 17:53:57
38957000,0.0711,1,04/28 17:53:57
38958000,0.0092,1,04/28 17:53:57
38959000,0.1578,1,04/28 17:53:57
38961000,0.0548,1,04/28 17:53:57
38962000,0.1209,1,04/28 17:53:57
38945000,0.0668,0,04/28 17:53:58
38943000,0.0712,0,04/28 17:53:58
38942000,0.054,0,04/28 17:53:58
38941000,0.0588,0,04/28 17:53:58
38940000,0.0402,0,04/28 17:53:58
38957000,0.0711,1,04/28 17:53:58
38958000,0.0092,1,04/28 17:53:58
38959000,0.1578,1,04/28 17:53:58
38961000,0.0548,1,04/28 17:53:58
38962000,0.1209,1,04/28 17:53:58
38945000,0.0668,0,04/28 17:53:59
38943000,0.0712,0,04/28 17:53:59
38942000,0.054,0,04/28 17:53:59
38941000,0.0588,0,04/28 17:53:59
38940000,0.0402,0,04/28 17:53:59
38957000,0.0711,1,04/28 17:53:59
38958000,0.0092,1,04/28 17:53:59
38959000,0.1578,1,04/28 17:53:59
38961000,0.0548,1,04/28 17:53:59
38962000,0.1209,1,04/28 17:53:59
38945000,0.0613,0,04/28 17:54:00
38943000,0.0712,0,04/28 17:54:00
38942000,0.054,0,04/28 17:54:00
38941000,0.0588,0,04/28 17:54:00
38940000,0.0402,0,04/28 17:54:00
38956000,0.087,1,04/28 17:54:00
38957000,0.0711,1,04/28 17:54:00
38958000,0.0092,1,04/28 17:54:00
38959000,0.1578,1,04/28 17:54:00
38961000,0.0548,1,04/28 17:54:00
38945000,0.0613,0,04/28 17:54:02
38943000,0.0712,0,04/28 17:54:02
38942000,0.054,0,04/28 17:54:02
38941000,0.0588,0,04/28 17:54:02
38940000,0.0402,0,04/28 17:54:02
38956000,0.087,1,04/28 17:54:02
38957000,0.0711,1,04/28 17:54:02
38958000,0.0092,1,04/28 17:54:02
38959000,0.1578,1,04/28 17:54:02
38961000,0.0548,1,04/28 17:54:02
38945000,0.0605,0,04/28 17:54:03
38943000,0.0712,0,04/28 17:54:03
38942000,0.054,0,04/28 17:54:03
38941000,0.0588,0,04/28 17:54:03
38940000,0.0402,0,04/28 17:54:03
38956000,0.087,1,04/28 17:54:03
38957000,0.0712,1,04/28 17:54:03
38958000,0.0092,1,04/28 17:54:03
38959000,0.1578,1,04/28 17:54:03
38961000,0.0548,1,04/28 17:54:03
38945000,0.0605,0,04/28 17:54:04
38943000,0.0712,0,04/28 17:54:04
38942000,0.054,0,04/28 17:54:04
38941000,0.0588,0,04/28 17:54:04
38940000,0.0402,0,04/28 17:54:04
38956000,0.087,1,04/28 17:54:04
38957000,0.0712,1,04/28 17:54:04
38958000,0.0092,1,04/28 17:54:04
38959000,0.1578,1,04/28 17:54:04
38961000,0.0548,1,04/28 17:54:04
38946000,0.0831,0,04/28 17:54:05
38945000,0.0605,0,04/28 17:54:05
38943000,0.1107,0,04/28 17:54:05
38942000,0.054,0,04/28 17:54:05
38941000,0.0588,0,04/28 17:54:05
38957000,0.0712,1,04/28 17:54:05
38959000,0.1578,1,04/28 17:54:05
38961000,0.0548,1,04/28 17:54:05
38962000,0.1792,1,04/28 17:54:05
38965000,0.0616,1,04/28 17:54:05
38957000,0.0711,0,04/28 17:54:06
38952000,0.0607,0,04/28 17:54:06
38950000,0.1261,0,04/28 17:54:06
38948000,0.061,0,04/28 17:54:06
38947000,0.0856,0,04/28 17:54:06
38959000,0.0707,1,04/28 17:54:06
38961000,0.0548,1,04/28 17:54:06
38962000,0.0903,1,04/28 17:54:06
38966000,0.0048,1,04/28 17:54:06
38968000,0.093,1,04/28 17:54:06
38961000,0.0384,0,04/28 17:54:07
38960000,0.0346,0,04/28 17:54:07
38959000,0.131,0,04/28 17:54:07
38958000,0.0445,0,04/28 17:54:07
38957000,0.1542,0,04/28 17:54:07
38970000,0.0324,1,04/28 17:54:07
38972000,0.1939,1,04/28 17:54:07
38975000,0.0995,1,04/28 17:54:07
38976000,0.0054,1,04/28 17:54:07
38977000,0.0104,1,04/28 17:54:07
38961000,0.0384,0,04/28 17:54:08
38960000,0.1943,0,04/28 17:54:08
38959000,0.131,0,04/28 17:54:08
38958000,0.0445,0,04/28 17:54:08
38957000,0.1542,0,04/28 17:54:08
38970000,0.0324,1,04/28 17:54:08
38972000,0.1067,1,04/28 17:54:08
38975000,0.185,1,04/28 17:54:08
38976000,0.0054,1,04/28 17:54:08
38977000,0.0104,1,04/28 17:54:08
38961000,0.0384,0,04/28 17:54:09
38960000,0.1943,0,04/28 17:54:09
38959000,0.131,0,04/28 17:54:09
38958000,0.0445,0,04/28 17:54:09
38957000,0.1542,0,04/28 17:54:09
38970000,0.0324,1,04/28 17:54:09
38972000,0.1067,1,04/28 17:54:09
38975000,0.185,1,04/28 17:54:09
38976000,0.0054,1,04/28 17:54:09
38977000,0.0104,1,04/28 17:54:09
38963000,0.0606,0,04/28 17:54:10
38961000,0.0384,0,04/28 17:54:10
38960000,0.2255,0,04/28 17:54:10
38959000,0.0707,0,04/28 17:54:10
38958000,0.0445,0,04/28 17:54:10
38970000,0.0324,1,04/28 17:54:10
38972000,0.1067,1,04/28 17:54:10
38975000,0.185,1,04/28 17:54:10
38976000,0.0054,1,04/28 17:54:10
38977000,0.0104,1,04/28 17:54:10
38964000,0.0132,0,04/28 17:54:11
38962000,0.0615,0,04/28 17:54:11
38961000,0.1228,0,04/28 17:54:11
38960000,0.0312,0,04/28 17:54:11
38958000,0.1479,0,04/28 17:54:11
38968000,0.0502,1,04/28 17:54:11
38970000,0.0324,1,04/28 17:54:11
38971000,0.0092,1,04/28 17:54:11
38972000,0.1067,1,04/28 17:54:11
38975000,0.0855,1,04/28 17:54:11
38965000,0.0611,0,04/28 17:54:12
38964000,0.2007,0,04/28 17:54:12
38961000,0.0834,0,04/28 17:54:12
38960000,0.0312,0,04/28 17:54:12
38958000,0.0445,0,04/28 17:54:12
38976000,0.0054,1,04/28 17:54:12
38977000,0.0657,1,04/28 17:54:12
38978000,0.1216,1,04/28 17:54:12
38981000,0.0626,1,04/28 17:54:12
38982000,0.2178,1,04/28 17:54:12
38965000,0.0603,0,04/28 17:54:13
38964000,0.2007,0,04/28 17:54:13
38961000,0.0834,0,04/28 17:54:13
38960000,0.0312,0,04/28 17:54:13
38958000,0.0445,0,04/28 17:54:13
38976000,0.0054,1,04/28 17:54:13
38977000,0.0657,1,04/28 17:54:13
38978000,0.1216,1,04/28 17:54:13
38981000,0.0626,1,04/28 17:54:13
38982000,0.2178,1,04/28 17:54:13
38965000,0.0603,0,04/28 17:54:14
38964000,0.0738,0,04/28 17:54:14
38961000,0.0834,0,04/28 17:54:14
38958000,0.0445,0,04/28 17:54:14
38955000,0.0834,0,04/28 17:54:14
38975000,0.0884,1,04/28 17:54:14
38976000,0.0054,1,04/28 17:54:14
38977000,0.0657,1,04/28 17:54:14
38978000,0.1216,1,04/28 17:54:14
38981000,0.0626,1,04/28 17:54:14
38965000,0.0603,0,04/28 17:54:15
38964000,0.0738,0,04/28 17:54:15
38961000,0.0834,0,04/28 17:54:15
38958000,0.0445,0,04/28 17:54:15
38955000,0.0834,0,04/28 17:54:15
38975000,0.0884,1,04/28 17:54:15
38976000,0.0054,1,04/28 17:54:15
38977000,0.0657,1,04/28 17:54:15
38978000,0.1216,1,04/28 17:54:15
38981000,0.0626,1,04/28 17:54:15
38954000,0.0646,0,04/28 17:54:16
38952000,0.0404,0,04/28 17:54:16
38951000,0.0587,0,04/28 17:54:16
38950000,0.1464,0,04/28 17:54:16
38949000,0.0499,0,04/28 17:54:16
38966000,0.0885,1,04/28 17:54:16
38967000,0.0562,1,04/28 17:54:16
38969000,0.0843,1,04/28 17:54:16
38970000,0.0431,1,04/28 17:54:16
38971000,0.1203,1,04/28 17:54:16
38954000,0.0646,0,04/28 17:54:17
38952000,0.0404,0,04/28 17:54:17
38951000,0.0587,0,04/28 17:54:17
38950000,0.1464,0,04/28 17:54:17
38949000,0.0499,0,04/28 17:54:17
38966000,0.0885,1,04/28 17:54:17
38967000,0.0562,1,04/28 17:54:17
38969000,0.0843,1,04/28 17:54:17
38970000,0.0431,1,04/28 17:54:17
38971000,0.1203,1,04/28 17:54:17
38954000,0.0646,0,04/28 17:54:19
38952000,0.0404,0,04/28 17:54:19
38951000,0.0587,0,04/28 17:54:19
38950000,0.1464,0,04/28 17:54:19
38949000,0.0499,0,04/28 17:54:19
38966000,0.0885,1,04/28 17:54:19
38967000,0.0562,1,04/28 17:54:19
38969000,0.0843,1,04/28 17:54:19
38970000,0.0431,1,04/28 17:54:19
38971000,0.1203,1,04/28 17:54:19
38954000,0.0646,0,04/28 17:54:20
38952000,0.0404,0,04/28 17:54:20
38951000,0.0587,0,04/28 17:54:20
38950000,0.1464,0,04/28 17:54:20
38949000,0.0499,0,04/28 17:54:20
38966000,0.0885,1,04/28 17:54:20
38967000,0.0562,1,04/28 17:54:20
38969000,0.0843,1,04/28 17:54:20
38970000,0.0431,1,04/28 17:54:20
38971000,0.1203,1,04/28 17:54:20
38956000,0.1237,0,04/28 17:54:21
38954000,0.0947,0,04/28 17:54:21
38953000,0.089,0,04/28 17:54:21
38952000,0.0404,0,04/28 17:54:21
38951000,0.0587,0,04/28 17:54:21
38967000,0.051,1,04/28 17:54:21
38970000,0.0431,1,04/28 17:54:21
38971000,0.1203,1,04/28 17:54:21
38972000,0.1191,1,04/28 17:54:21
38973000,0.1142,1,04/28 17:54:21
38959000,0.0644,0,04/28 17:54:22
38958000,0.0841,0,04/28 17:54:22
38956000,0.1237,0,04/28 17:54:22
38954000,0.0309,0,04/28 17:54:22
38953000,0.089,0,04/28 17:54:22
38971000,0.0309,1,04/28 17:54:22
38972000,0.055,1,04/28 17:54:22
38973000,0.1062,1,04/28 17:54:22
38974000,0.0864,1,04/28 17:54:22
38975000,0.3626,1,04/28 17:54:22
38959000,0.0644,0,04/28 17:54:23
38958000,0.0841,0,04/28 17:54:23
38956000,0.1237,0,04/28 17:54:23
38954000,0.0309,0,04/28 17:54:23
38953000,0.089,0,04/28 17:54:23
38971000,0.0309,1,04/28 17:54:23
38972000,0.055,1,04/28 17:54:23
38973000,0.1062,1,04/28 17:54:23
38974000,0.0864,1,04/28 17:54:23
38975000,0.3626,1,04/28 17:54:23
38959000,0.0644,0,04/28 17:54:24
38958000,0.0841,0,04/28 17:54:24
38956000,0.1237,0,04/28 17:54:24
38954000,0.0309,0,04/28 17:54:24
38953000,0.089,0,04/28 17:54:24
38971000,0.0309,1,04/28 17:54:24
38972000,0.055,1,04/28 17:54:24
38973000,0.1062,1,04/28 17:54:24
38974000,0.0864,1,04/28 17:54:24
38975000,0.3626,1,04/28 17:54:24
38963000,0.0648,0,04/28 17:54:25
38961000,0.1344,0,04/28 17:54:25
38958000,0.1345,0,04/28 17:54:25
38956000,0.1361,0,04/28 17:54:25
38954000,0.0309,0,04/28 17:54:25
38971000,0.0309,1,04/28 17:54:25
38973000,0.1062,1,04/28 17:54:25
38975000,0.3,1,04/28 17:54:25
38976000,0.0054,1,04/28 17:54:25
38977000,0.0104,1,04/28 17:54:25
38963000,0.0648,0,04/28 17:54:26
38961000,0.1344,0,04/28 17:54:26
38958000,0.1345,0,04/28 17:54:26
38956000,0.1361,0,04/28 17:54:26
38955000,1.261,0,04/28 17:54:26
38971000,0.0309,1,04/28 17:54:26
38973000,0.1062,1,04/28 17:54:26
38975000,0.3,1,04/28 17:54:26
38976000,0.0921,1,04/28 17:54:26
38977000,0.0104,1,04/28 17:54:26
38961000,0.1267,0,04/28 17:54:27
38958000,0.1345,0,04/28 17:54:27
38956000,0.1361,0,04/28 17:54:27
38955000,1.261,0,04/28 17:54:27
38954000,0.0309,0,04/28 17:54:27
38971000,0.0309,1,04/28 17:54:27
38973000,0.1062,1,04/28 17:54:27
38975000,0.3,1,04/28 17:54:27
38976000,0.0921,1,04/28 17:54:27
38977000,0.0104,1,04/28 17:54:27
38963000,0.0624,0,04/28 17:54:28
38961000,0.1267,0,04/28 17:54:28
38959000,0.061,0,04/28 17:54:28
38958000,0.1345,0,04/28 17:54:28
38956000,0.1361,0,04/28 17:54:28
38972000,0.0008,1,04/28 17:54:28
38973000,0.0995,1,04/28 17:54:28
38975000,0.3,1,04/28 17:54:28
38976000,0.0921,1,04/28 17:54:28
38977000,0.0104,1,04/28 17:54:28
38963000,0.0624,0,04/28 17:54:29
38961000,0.1267,0,04/28 17:54:29
38958000,0.1345,0,04/28 17:54:29
38956000,0.1361,0,04/28 17:54:29
38955000,1.261,0,04/28 17:54:29
38973000,0.0995,1,04/28 17:54:29
38975000,0.3,1,04/28 17:54:29
38976000,0.0921,1,04/28 17:54:29
38977000,0.0104,1,04/28 17:54:29
38978000,0.0936,1,04/28 17:54:29
38963000,0.0624,0,04/28 17:54:30
38961000,0.1267,0,04/28 17:54:30
38958000,0.1345,0,04/28 17:54:30
38956000,0.1361,0,04/28 17:54:30
38954000,0.0309,0,04/28 17:54:30
38973000,0.0995,1,04/28 17:54:30
38975000,0.3,1,04/28 17:54:30
38976000,0.0921,1,04/28 17:54:30
38977000,0.0104,1,04/28 17:54:30
38978000,0.0936,1,04/28 17:54:30
38963000,0.0624,0,04/28 17:54:31
38961000,0.1267,0,04/28 17:54:31
38958000,0.1345,0,04/28 17:54:31
38956000,0.1361,0,04/28 17:54:31
38954000,0.0309,0,04/28 17:54:31
38973000,0.1845,1,04/28 17:54:31
38975000,0.3,1,04/28 17:54:31
38976000,0.0921,1,04/28 17:54:31
38977000,0.0104,1,04/28 17:54:31
38978000,0.0936,1,04/28 17:54:31
38963000,0.0616,0,04/28 17:54:32
38958000,0.1345,0,04/28 17:54:32
38957000,0.0396,0,04/28 17:54:32
38956000,0.1361,0,04/28 17:54:32
38954000,0.0309,0,04/28 17:54:32
38971000,0.1,1,04/28 17:54:32
38973000,0.1845,1,04/28 17:54:32
38975000,0.3,1,04/28 17:54:32
38976000,0.0921,1,04/28 17:54:32
38977000,0.0104,1,04/28 17:54:32
38963000,0.0616,0,04/28 17:54:33
38958000,0.1345,0,04/28 17:54:33
38957000,0.0396,0,04/28 17:54:33
38956000,0.1361,0,04/28 17:54:33
38954000,0.0309,0,04/28 17:54:33
38971000,0.1,1,04/28 17:54:33
38973000,0.1845,1,04/28 17:54:33
38975000,0.3,1,04/28 17:54:33
38976000,0.0921,1,04/28 17:54:33
38977000,0.0104,1,04/28 17:54:33
38963000,0.0616,0,04/28 17:54:35
38958000,0.1345,0,04/28 17:54:35
38957000,0.0396,0,04/28 17:54:35
38956000,0.1361,0,04/28 17:54:35
38954000,0.0309,0,04/28 17:54:35
38971000,0.1,1,04/28 17:54:35
38973000,0.1845,1,04/28 17:54:35
38975000,0.3,1,04/28 17:54:35
38976000,0.0921,1,04/28 17:54:35
38977000,0.0104,1,04/28 17:54:35
38958000,0.0056,0,04/28 17:54:36
38956000,0.1361,0,04/28 17:54:36
38954000,0.0309,0,04/28 17:54:36
38953000,0.089,0,04/28 17:54:36
38951000,0.0587,0,04/28 17:54:36
38969000,0.1149,1,04/28 17:54:36
38971000,0.1,1,04/28 17:54:36
38973000,0.1845,1,04/28 17:54:36
38975000,0.3,1,04/28 17:54:36
38976000,0.0921,1,04/28 17:54:36
38958000,0.0056,0,04/28 17:54:37
38956000,0.1361,0,04/28 17:54:37
38954000,0.0309,0,04/28 17:54:37
38953000,0.089,0,04/28 17:54:37
38951000,0.0587,0,04/28 17:54:37
38969000,0.1149,1,04/28 17:54:37
38971000,0.1,1,04/28 17:54:37
38973000,0.1845,1,04/28 17:54:37
38975000,0.3,1,04/28 17:54:37
38976000,0.0921,1,04/28 17:54:37
38958000,0.0056,0,04/28 17:54:38
38956000,0.1361,0,04/28 17:54:38
38954000,0.0309,0,04/28 17:54:38
38953000,0.089,0,04/28 17:54:38
38951000,0.0587,0,04/28 17:54:38
38969000,0.1149,1,04/28 17:54:38
38971000,0.1,1,04/28 17:54:38
38973000,0.1845,1,04/28 17:54:38
38975000,0.3,1,04/28 17:54:38
38976000,0.0921,1,04/28 17:54:38
38958000,0.0056,0,04/28 17:54:39
38956000,0.1361,0,04/28 17:54:39
38954000,0.0309,0,04/28 17:54:39
38953000,0.089,0,04/28 17:54:39
38951000,0.0587,0,04/28 17:54:39
38969000,0.1149,1,04/28 17:54:39
38971000,0.1,1,04/28 17:54:39
38973000,0.1845,1,04/28 17:54:39
38975000,0.3,1,04/28 17:54:39
38976000,0.0921,1,04/28 17:54:39
38958000,0.0056,0,04/28 17:54:40
38956000,0.1361,0,04/28 17:54:40
38954000,0.0309,0,04/28 17:54:40
38953000,0.089,0,04/28 17:54:40
38951000,0.0587,0,04/28 17:54:40
38969000,0.1149,1,04/28 17:54:40
38971000,0.1,1,04/28 17:54:40
38973000,0.1845,1,04/28 17:54:40
38975000,0.3,1,04/28 17:54:40
38976000,0.0921,1,04/28 17:54:40
38958000,0.0685,0,04/28 17:54:41
38956000,0.1361,0,04/28 17:54:41
38954000,0.0703,0,04/28 17:54:41
38953000,0.089,0,04/28 17:54:41
38951000,0.0587,0,04/28 17:54:41
38969000,0.1149,1,04/28 17:54:41
38971000,1.361,1,04/28 17:54:41
38973000,0.1845,1,04/28 17:54:41
38975000,0.3625,1,04/28 17:54:41
38976000,0.0921,1,04/28 17:54:41
38958000,0.0637,0,04/28 17:54:42
38956000,0.1361,0,04/28 17:54:42
38954000,0.0703,0,04/28 17:54:42
38953000,0.089,0,04/28 17:54:42
38951000,0.0587,0,04/28 17:54:42
38963000,0.0129,1,04/28 17:54:42
38969000,0.1149,1,04/28 17:54:42
38971000,1.361,1,04/28 17:54:42
38973000,0.1845,1,04/28 17:54:42
38975000,0.3625,1,04/28 17:54:42
38958000,0.0637,0,04/28 17:54:43
38956000,0.1361,0,04/28 17:54:43
38954000,0.0703,0,04/28 17:54:43
38953000,0.089,0,04/28 17:54:43
38951000,0.0587,0,04/28 17:54:43
38963000,0.0129,1,04/28 17:54:43
38969000,0.1149,1,04/28 17:54:43
38971000,1.361,1,04/28 17:54:43
38973000,0.2845,1,04/28 17:54:43
38975000,0.3625,1,04/28 17:54:43
38954000,0.0301,0,04/28 17:54:44
38953000,0.089,0,04/28 17:54:44
38952000,0.0632,0,04/28 17:54:44
38951000,0.0587,0,04/28 17:54:44
38950000,0.1013,0,04/28 17:54:44
38963000,0.0129,1,04/28 17:54:44
38968000,0.0609,1,04/28 17:54:44
38969000,0.1149,1,04/28 17:54:44
38971000,1.4253,1,04/28 17:54:44
38972000,0.0675,1,04/28 17:54:44
38954000,0.0301,0,04/28 17:54:45
38953000,0.089,0,04/28 17:54:45
38952000,0.0632,0,04/28 17:54:45
38951000,0.0587,0,04/28 17:54:45
38950000,0.1013,0,04/28 17:54:45
38963000,0.0129,1,04/28 17:54:45
38966000,0.0854,1,04/28 17:54:45
38968000,0.0609,1,04/28 17:54:45
38969000,0.1149,1,04/28 17:54:45
38971000,1.361,1,04/28 17:54:45
38954000,0.0301,0,04/28 17:54:46
38953000,0.089,0,04/28 17:54:46
38952000,0.0632,0,04/28 17:54:46
38951000,0.0587,0,04/28 17:54:46
38950000,0.1013,0,04/28 17:54:46
38963000,0.0129,1,04/28 17:54:46
38966000,0.0854,1,04/28 17:54:46
38967000,0.0051,1,04/28 17:54:46
38968000,0.0609,1,04/28 17:54:46
38969000,0.1149,1,04/28 17:54:46
38954000,0.0301,0,04/28 17:54:47
38953000,0.089,0,04/28 17:54:47
38952000,0.0632,0,04/28 17:54:47
38951000,0.0587,0,04/28 17:54:47
38950000,0.1013,0,04/28 17:54:47
38963000,0.0129,1,04/28 17:54:47
38966000,0.0854,1,04/28 17:54:47
38967000,0.0051,1,04/28 17:54:47
38968000,0.0609,1,04/28 17:54:47
38969000,0.1149,1,04/28 17:54:47
38954000,0.0293,0,04/28 17:54:49
38953000,0.089,0,04/28 17:54:49
38952000,0.0632,0,04/28 17:54:49
38951000,0.0587,0,04/28 17:54:49
38950000,0.1013,0,04/28 17:54:49
38963000,0.0129,1,04/28 17:54:49
38966000,0.0854,1,04/28 17:54:49
38967000,0.0051,1,04/28 17:54:49
38968000,0.0609,1,04/28 17:54:49
38969000,0.1149,1,04/28 17:54:49
38954000,0.0293,0,04/28 17:54:50
38952000,0.0632,0,04/28 17:54:50
38951000,0.0587,0,04/28 17:54:50
38950000,0.1896,0,04/28 17:54:50
38949000,0.0499,0,04/28 17:54:50
38963000,0.0129,1,04/28 17:54:50
38966000,0.0854,1,04/28 17:54:50
38967000,0.0051,1,04/28 17:54:50
38968000,0.0609,1,04/28 17:54:50
38969000,0.1149,1,04/28 17:54:50
38954000,0.0293,0,04/28 17:54:51
38952000,0.0632,0,04/28 17:54:51
38951000,0.0587,0,04/28 17:54:51
38950000,0.1896,0,04/28 17:54:51
38949000,0.0499,0,04/28 17:54:51
38966000,0.0854,1,04/28 17:54:51
38967000,0.0051,1,04/28 17:54:51
38968000,0.0609,1,04/28 17:54:51
38969000,0.1149,1,04/28 17:54:51
38970000,0.0453,1,04/28 17:54:51
38954000,0.0285,0,04/28 17:54:52
38952000,0.0632,0,04/28 17:54:52
38951000,0.05,0,04/28 17:54:52
38950000,0.1896,0,04/28 17:54:52
38949000,0.0499,0,04/28 17:54:52
38965000,0.089,1,04/28 17:54:52
38966000,0.0854,1,04/28 17:54:52
38967000,0.0051,1,04/28 17:54:52
38968000,0.0609,1,04/28 17:54:52
38969000,0.1149,1,04/28 17:54:52
38954000,0.0285,0,04/28 17:54:53
38952000,0.0632,0,04/28 17:54:53
38951000,0.05,0,04/28 17:54:53
38950000,0.1896,0,04/28 17:54:53
38949000,0.0499,0,04/28 17:54:53
38965000,0.089,1,04/28 17:54:53
38966000,0.0854,1,04/28 17:54:53
38967000,0.0051,1,04/28 17:54:53
38968000,0.0609,1,04/28 17:54:53
38969000,0.1149,1,04/28 17:54:53
38954000,0.0285,0,04/28 17:54:54
38952000,0.0632,0,04/28 17:54:54
38951000,0.05,0,04/28 17:54:54
38950000,0.1896,0,04/28 17:54:54
38949000,0.0499,0,04/28 17:54:54
38965000,0.089,1,04/28 17:54:54
38966000,0.0854,1,04/28 17:54:54
38967000,0.0051,1,04/28 17:54:54
38968000,0.0609,1,04/28 17:54:54
38969000,0.1149,1,04/28 17:54:54
38954000,0.0277,0,04/28 17:54:55
38953000,0.126,0,04/28 17:54:55
38952000,0.0632,0,04/28 17:54:55
38951000,0.05,0,04/28 17:54:55
38950000,0.1896,0,04/28 17:54:55
38967000,0.1051,1,04/28 17:54:55
38968000,0.0609,1,04/28 17:54:55
38969000,0.0312,1,04/28 17:54:55
38970000,0.0453,1,04/28 17:54:55
38971000,1.361,1,04/28 17:54:55
38958000,0.0875,0,04/28 17:54:56
38956000,0.1907,0,04/28 17:54:56
38954000,0.0277,0,04/28 17:54:56
38953000,0.0857,0,04/28 17:54:56
38952000,0.0085,0,04/28 17:54:56
38967000,0.1,1,04/28 17:54:56
38969000,0.0312,1,04/28 17:54:56
38971000,1.361,1,04/28 17:54:56
38972000,0.059,1,04/28 17:54:56
38973000,0.348,1,04/28 17:54:56
38959000,0.0632,0,04/28 17:54:57
38958000,0.0875,0,04/28 17:54:57
38956000,0.1293,0,04/28 17:54:57
38954000,0.0277,0,04/28 17:54:57
38953000,0.0857,0,04/28 17:54:57
38967000,0.1,1,04/28 17:54:57
38969000,0.0312,1,04/28 17:54:57
38971000,1.361,1,04/28 17:54:57
38972000,0.059,1,04/28 17:54:57
38973000,0.2845,1,04/28 17:54:57
38959000,0.0632,0,04/28 17:54:58
38958000,0.0875,0,04/28 17:54:58
38956000,0.1293,0,04/28 17:54:58
38954000,0.0757,0,04/28 17:54:58
38953000,0.0857,0,04/28 17:54:58
38967000,0.1,1,04/28 17:54:58
38969000,0.0312,1,04/28 17:54:58
38971000,1.361,1,04/28 17:54:58
38972000,0.059,1,04/28 17:54:58
38973000,0.2845,1,04/28 17:54:58
38959000,0.0624,0,04/28 17:54:59
38958000,0.0875,0,04/28 17:54:59
38956000,0.1293,0,04/28 17:54:59
38954000,0.0757,0,04/28 17:54:59
38953000,0.0857,0,04/28 17:54:59
38967000,0.1,1,04/28 17:54:59
38969000,0.0312,1,04/28 17:54:59
38971000,1.361,1,04/28 17:54:59
38972000,0.059,1,04/28 17:54:59
38973000,0.2845,1,04/28 17:54:59
38960000,0.0619,0,04/28 17:55:00
38958000,0.0875,0,04/28 17:55:00
38956000,0.1293,0,04/28 17:55:00
38954000,0.0757,0,04/28 17:55:00
38953000,0.0857,0,04/28 17:55:00
38967000,0.1,1,04/28 17:55:00
38969000,0.0312,1,04/28 17:55:00
38971000,1.361,1,04/28 17:55:00
38972000,0.059,1,04/28 17:55:00
38973000,0.2845,1,04/28 17:55:00
38960000,0.0619,0,04/28 17:55:01
38958000,0.0875,0,04/28 17:55:01
38956000,0.1293,0,04/28 17:55:01
38954000,0.0757,0,04/28 17:55:01
38953000,0.0857,0,04/28 17:55:01
38967000,0.1,1,04/28 17:55:01
38969000,0.0312,1,04/28 17:55:01
38971000,0.1,1,04/28 17:55:01
38972000,0.059,1,04/28 17:55:01
38973000,0.2845,1,04/28 17:55:01
38956000,0.0895,0,04/28 17:55:02
38955000,0.0641,0,04/28 17:55:02
38954000,0.0757,0,04/28 17:55:02
38953000,0.0857,0,04/28 17:55:02
38951000,0.05,0,04/28 17:55:02
38959000,0.0008,1,04/28 17:55:02
38967000,0.1,1,04/28 17:55:02
38969000,0.1197,1,04/28 17:55:02
38971000,0.1,1,04/28 17:55:02
38972000,0.1195,1,04/28 17:55:02
38954000,0.0757,0,04/28 17:55:03
38953000,0.0857,0,04/28 17:55:03
38952000,0.065,0,04/28 17:55:03
38951000,0.05,0,04/28 17:55:03
38950000,0.1887,0,04/28 17:55:03
38959000,0.0008,1,04/28 17:55:03
38966000,0.0884,1,04/28 17:55:03
38967000,0.1,1,04/28 17:55:03
38969000,0.1807,1,04/28 17:55:03
38971000,0.1426,1,04/28 17:55:03
38954000,0.0757,0,04/28 17:55:04
38953000,0.0857,0,04/28 17:55:04
38952000,0.065,0,04/28 17:55:04
38951000,0.05,0,04/28 17:55:04
38950000,0.1887,0,04/28 17:55:04
38959000,0.0008,1,04/28 17:55:04
38966000,0.0884,1,04/28 17:55:04
38967000,0.1,1,04/28 17:55:04
38969000,0.1807,1,04/28 17:55:04
38971000,0.1426,1,04/28 17:55:04
38954000,0.0757,0,04/28 17:55:06
38953000,0.0857,0,04/28 17:55:06
38952000,0.065,0,04/28 17:55:06
38951000,0.05,0,04/28 17:55:06
38950000,0.1887,0,04/28 17:55:06
38959000,0.0008,1,04/28 17:55:06
38966000,0.0884,1,04/28 17:55:06
38967000,0.1,1,04/28 17:55:06
38969000,0.1807,1,04/28 17:55:06
38971000,0.1426,1,04/28 17:55:06
38954000,0.0757,0,04/28 17:55:07
38952000,0.065,0,04/28 17:55:07
38951000,0.05,0,04/28 17:55:07
38950000,0.1887,0,04/28 17:55:07
38949000,0.0499,0,04/28 17:55:07
38959000,0.0008,1,04/28 17:55:07
38966000,0.0884,1,04/28 17:55:07
38967000,0.1,1,04/28 17:55:07
38969000,0.1807,1,04/28 17:55:07
38971000,0.1426,1,04/28 17:55:07
38954000,0.0277,0,04/28 17:55:08
38952000,0.065,0,04/28 17:55:08
38951000,0.05,0,04/28 17:55:08
38950000,0.0048,0,04/28 17:55:08
38949000,0.0499,0,04/28 17:55:08
38963000,0.0837,1,04/28 17:55:08
38965000,0.0935,1,04/28 17:55:08
38966000,0.0932,1,04/28 17:55:08
38967000,0.1,1,04/28 17:55:08
38969000,1.4417,1,04/28 17:55:08
38954000,0.0277,0,04/28 17:55:09
38952000,0.065,0,04/28 17:55:09
38951000,0.05,0,04/28 17:55:09
38950000,0.0048,0,04/28 17:55:09
38949000,0.0499,0,04/28 17:55:09
38963000,0.0837,1,04/28 17:55:09
38965000,0.0935,1,04/28 17:55:09
38966000,0.0048,1,04/28 17:55:09
38967000,0.1,1,04/28 17:55:09
38969000,1.4417,1,04/28 17:55:09
38954000,0.0277,0,04/28 17:55:10
38952000,0.065,0,04/28 17:55:10
38951000,0.05,0,04/28 17:55:10
38950000,0.0048,0,04/28 17:55:10
38949000,0.0499,0,04/28 17:55:10
38960000,0.1046,1,04/28 17:55:10
38963000,0.0837,1,04/28 17:55:10
38965000,0.0935,1,04/28 17:55:10
38966000,0.0048,1,04/28 17:55:10
38967000,0.1,1,04/28 17:55:10
38954000,0.0277,0,04/28 17:55:11
38951000,0.05,0,04/28 17:55:11
38950000,0.0048,0,04/28 17:55:11
38948000,0.0893,0,04/28 17:55:11
38947000,0.0388,0,04/28 17:55:11
38960000,0.1046,1,04/28 17:55:11
38963000,0.1395,1,04/28 17:55:11
38964000,0.0608,1,04/28 17:55:11
38965000,0.0927,1,04/28 17:55:11
38966000,0.0048,1,04/28 17:55:11
38951000,0.0492,0,04/28 17:55:12
38950000,0.0048,0,04/28 17:55:12
38948000,0.0893,0,04/28 17:55:12
38947000,0.065,0,04/28 17:55:12
38946000,0.0302,0,04/28 17:55:12
38960000,0.2194,1,04/28 17:55:12
38963000,0.1395,1,04/28 17:55:12
38964000,0.0608,1,04/28 17:55:12
38965000,0.0927,1,04/28 17:55:12
38966000,0.0048,1,04/28 17:55:12
38959000,0.001,0,04/28 17:55:13
38951000,0.0492,0,04/28 17:55:13
38950000,0.0048,0,04/28 17:55:13
38948000,0.0893,0,04/28 17:55:13
38947000,0.065,0,04/28 17:55:13
38960000,0.10583761,1,04/28 17:55:13
38963000,0.1395,1,04/28 17:55:13
38964000,0.0608,1,04/28 17:55:13
38965000,0.0927,1,04/28 17:55:13
38966000,0.0048,1,04/28 17:55:13
38947000,0.065,0,04/28 17:55:14
38946000,0.0302,0,04/28 17:55:14
38945000,0.0513,0,04/28 17:55:14
38943000,0.0582,0,04/28 17:55:14
38942000,0.054,0,04/28 17:55:14
38957000,0.0612,1,04/28 17:55:14
38960000,0.092,1,04/28 17:55:14
38961000,0.0462,1,04/28 17:55:14
38962000,0.0574,1,04/28 17:55:14
38963000,0.1395,1,04/28 17:55:14
38943000,0.0582,0,04/28 17:55:15
38942000,0.054,0,04/28 17:55:15
38940000,0.1465,0,04/28 17:55:15
38939000,0.0471,0,04/28 17:55:15
38937000,0.1302,0,04/28 17:55:15
38950000,0.0624,1,04/28 17:55:15
38954000,0.0852,1,04/28 17:55:15
38956000,0.0608,1,04/28 17:55:15
38957000,0.0552,1,04/28 17:55:15
38958000,0.0315,1,04/28 17:55:15
38937000,0.0059,0,04/28 17:55:16
38935000,0.5,0,04/28 17:55:16
38928000,0.0558,0,04/28 17:55:16
38927000,0.0013,0,04/28 17:55:16
38921000,0.0625,0,04/28 17:55:16
38939000,0.0851,1,04/28 17:55:16
38941000,0.0572,1,04/28 17:55:16
38943000,0.1551,1,04/28 17:55:16
38948000,0.2363,1,04/28 17:55:16
38950000,0.0624,1,04/28 17:55:16
38935000,0.3792,0,04/28 17:55:17
38928000,0.0558,0,04/28 17:55:17
38927000,0.0013,0,04/28 17:55:17
38926000,0.0842,0,04/28 17:55:17
38925000,0.0508,0,04/28 17:55:17
38938000,0.0053,1,04/28 17:55:17
38939000,0.0789,1,04/28 17:55:17
38941000,0.105,1,04/28 17:55:17
38943000,0.1551,1,04/28 17:55:17
38947000,0.0507,1,04/28 17:55:17
38935000,0.301,0,04/28 17:55:18
38928000,0.0558,0,04/28 17:55:18
38927000,0.0013,0,04/28 17:55:18
38926000,0.0842,0,04/28 17:55:18
38925000,0.0508,0,04/28 17:55:18
38936000,0.061,1,04/28 17:55:18
38938000,0.0053,1,04/28 17:55:18
38939000,0.0789,1,04/28 17:55:18
38940000,0.0604,1,04/28 17:55:18
38941000,0.105,1,04/28 17:55:18
38936000,0.0667,0,04/28 17:55:19
38935000,0.287,0,04/28 17:55:19
38929000,0.0887,0,04/28 17:55:19
38928000,0.1556,0,04/28 17:55:19
38927000,0.0013,0,04/28 17:55:19
38938000,0.0043,1,04/28 17:55:19
38941000,0.105,1,04/28 17:55:19
38945000,0.0614,1,04/28 17:55:19
38947000,0.0507,1,04/28 17:55:19
38948000,0.1657,1,04/28 17:55:19
38936000,0.0555,0,04/28 17:55:20
38935000,0.287,0,04/28 17:55:20
38933000,0.0839,0,04/28 17:55:20
38931000,0.0392,0,04/28 17:55:20
38929000,0.1455,0,04/28 17:55:20
38945000,0.0665,1,04/28 17:55:20
38947000,0.0507,1,04/28 17:55:20
38948000,0.1657,1,04/28 17:55:20
38951000,0.0845,1,04/28 17:55:20
38953000,0.0586,1,04/28 17:55:20
38936000,0.0555,0,04/28 17:55:22
38935000,0.287,0,04/28 17:55:22
38934000,0.1141,0,04/28 17:55:22
38933000,0.0839,0,04/28 17:55:22
38931000,0.0392,0,04/28 17:55:22
38945000,0.0051,1,04/28 17:55:22
38948000,0.1657,1,04/28 17:55:22
38951000,0.0845,1,04/28 17:55:22
38953000,0.0586,1,04/28 17:55:22
38954000,0.0852,1,04/28 17:55:22
38946000,0.0657,0,04/28 17:55:23
38945000,0.0889,0,04/28 17:55:23
38939000,0.0321,0,04/28 17:55:23
38938000,0.0577,0,04/28 17:55:23
38937000,0.1567,0,04/28 17:55:23
38952000,0.0897,1,04/28 17:55:23
38953000,0.0586,1,04/28 17:55:23
38954000,0.063,1,04/28 17:55:23
38955000,0.0858,1,04/28 17:55:23
38956000,0.0489,1,04/28 17:55:23
38945000,0.0777,0,04/28 17:55:24
38939000,0.0321,0,04/28 17:55:24
38938000,0.0577,0,04/28 17:55:24
38937000,0.1567,0,04/28 17:55:24
38936000,0.0974,0,04/28 17:55:24
38952000,0.0897,1,04/28 17:55:24
38953000,0.0586,1,04/28 17:55:24
38954000,0.063,1,04/28 17:55:24
38955000,0.0858,1,04/28 17:55:24
38956000,0.0489,1,04/28 17:55:24
38940000,0.0892,0,04/28 17:55:25
38939000,0.0321,0,04/28 17:55:25
38938000,0.0577,0,04/28 17:55:25
38937000,0.1567,0,04/28 17:55:25
38936000,0.0974,0,04/28 17:55:25
38952000,0.0612,1,04/28 17:55:25
38953000,0.0586,1,04/28 17:55:25
38954000,0.063,1,04/28 17:55:25
38955000,0.0858,1,04/28 17:55:25
38956000,0.0489,1,04/28 17:55:25
38953000,0.0135,0,04/28 17:55:26
38944000,0.0632,0,04/28 17:55:26
38942000,0.0088,0,04/28 17:55:26
38941000,0.0846,0,04/28 17:55:26
38940000,0.1926,0,04/28 17:55:26
38956000,0.0489,1,04/28 17:55:26
38957000,1.266,1,04/28 17:55:26
38958000,0.0315,1,04/28 17:55:26
38961000,0.11,1,04/28 17:55:26
38963000,0.0558,1,04/28 17:55:26
38947000,0.0724,0,04/28 17:55:27
38944000,0.104,0,04/28 17:55:27
38943000,0.0051,0,04/28 17:55:27
38942000,0.0088,0,04/28 17:55:27
38941000,0.0846,0,04/28 17:55:27
38957000,1.266,1,04/28 17:55:27
38958000,0.0315,1,04/28 17:55:27
38961000,0.11,1,04/28 17:55:27
38962000,0.0857,1,04/28 17:55:27
38963000,0.0558,1,04/28 17:55:27
38947000,0.0609,0,04/28 17:55:28
38945000,0.0874,0,04/28 17:55:28
38944000,0.104,0,04/28 17:55:28
38943000,0.0051,0,04/28 17:55:28
38942000,0.0088,0,04/28 17:55:28
38957000,1.266,1,04/28 17:55:28
38958000,0.0315,1,04/28 17:55:28
38959000,0.0861,1,04/28 17:55:28
38961000,0.11,1,04/28 17:55:28
38962000,0.0857,1,04/28 17:55:28
38947000,0.0609,0,04/28 17:55:29
38945000,0.0874,0,04/28 17:55:29
38944000,0.0408,0,04/28 17:55:29
38943000,0.0051,0,04/28 17:55:29
38942000,0.0088,0,04/28 17:55:29
38957000,1.266,1,04/28 17:55:29
38958000,0.0315,1,04/28 17:55:29
38959000,0.0861,1,04/28 17:55:29
38961000,0.11,1,04/28 17:55:29
38962000,0.0857,1,04/28 17:55:29
38948000,0.0839,0,04/28 17:55:30
38947000,0.0609,0,04/28 17:55:30
38945000,0.1373,0,04/28 17:55:30
38944000,0.0908,0,04/28 17:55:30
38943000,0.0051,0,04/28 17:55:30
38962000,0.0857,1,04/28 17:55:30
38963000,0.0558,1,04/28 17:55:30
38964000,0.1562,1,04/28 17:55:30
38965000,1.3763,1,04/28 17:55:30
38967000,0.1051,1,04/28 17:55:30
38948000,0.0839,0,04/28 17:55:31
38947000,0.0609,0,04/28 17:55:31
38945000,0.1373,0,04/28 17:55:31
38944000,0.0908,0,04/28 17:55:31
38943000,0.0051,0,04/28 17:55:31
38962000,0.0857,1,04/28 17:55:31
38963000,0.0558,1,04/28 17:55:31
38964000,0.1562,1,04/28 17:55:31
38965000,1.3763,1,04/28 17:55:31
38967000,0.1051,1,04/28 17:55:31
38948000,0.0839,0,04/28 17:55:32
38947000,0.0609,0,04/28 17:55:32
38945000,0.1373,0,04/28 17:55:32
38944000,0.0908,0,04/28 17:55:32
38943000,0.0051,0,04/28 17:55:32
38962000,0.0857,1,04/28 17:55:32
38963000,0.0558,1,04/28 17:55:32
38964000,0.1562,1,04/28 17:55:32
38965000,1.3763,1,04/28 17:55:32
38967000,0.1051,1,04/28 17:55:32
38948000,0.0839,0,04/28 17:55:33
38947000,0.0927,0,04/28 17:55:33
38945000,0.1373,0,04/28 17:55:33
38944000,0.0908,0,04/28 17:55:33
38943000,0.0051,0,04/28 17:55:33
38962000,0.0857,1,04/28 17:55:33
38963000,0.0558,1,04/28 17:55:33
38964000,0.1562,1,04/28 17:55:33
38965000,1.3763,1,04/28 17:55:33
38967000,0.1051,1,04/28 17:55:33
38948000,0.0839,0,04/28 17:55:34
38947000,0.0927,0,04/28 17:55:34
38945000,0.1373,0,04/28 17:55:34
38944000,0.0908,0,04/28 17:55:34
38943000,0.0051,0,04/28 17:55:34
38962000,0.0857,1,04/28 17:55:34
38963000,0.0558,1,04/28 17:55:34
38964000,0.1562,1,04/28 17:55:34
38965000,1.3763,1,04/28 17:55:34
38967000,0.1051,1,04/28 17:55:34
38948000,0.0839,0,04/28 17:55:35
38947000,0.0927,0,04/28 17:55:35
38945000,0.1373,0,04/28 17:55:35
38944000,0.0908,0,04/28 17:55:35
38943000,0.0051,0,04/28 17:55:35
38962000,0.0857,1,04/28 17:55:35
38963000,0.0558,1,04/28 17:55:35
38964000,0.1562,1,04/28 17:55:35
38965000,1.3763,1,04/28 17:55:35
38967000,0.1051,1,04/28 17:55:35
38953000,0.0877,0,04/28 17:55:36
38951000,0.0634,0,04/28 17:55:36
38950000,0.0869,0,04/28 17:55:36
38949000,0.0848,0,04/28 17:55:36
38948000,0.1249,0,04/28 17:55:36
38963000,0.0558,1,04/28 17:55:36
38964000,0.1562,1,04/28 17:55:36
38965000,0.0529,1,04/28 17:55:36
38967000,0.1051,1,04/28 17:55:36
38968000,0.0612,1,04/28 17:55:36
38953000,0.0877,0,04/28 17:55:38
38951000,0.0634,0,04/28 17:55:38
38950000,0.0869,0,04/28 17:55:38
38949000,0.0848,0,04/28 17:55:38
38948000,0.1249,0,04/28 17:55:38
38963000,0.0128,1,04/28 17:55:38
38964000,0.1562,1,04/28 17:55:38
38965000,0.0529,1,04/28 17:55:38
38967000,0.1051,1,04/28 17:55:38
38968000,0.0612,1,04/28 17:55:38
38953000,0.0877,0,04/28 17:55:39
38951000,0.0634,0,04/28 17:55:39
38950000,0.0869,0,04/28 17:55:39
38949000,0.0848,0,04/28 17:55:39
38948000,0.1249,0,04/28 17:55:39
38963000,0.0128,1,04/28 17:55:39
38964000,0.1562,1,04/28 17:55:39
38965000,0.0529,1,04/28 17:55:39
38967000,0.1051,1,04/28 17:55:39
38968000,0.0612,1,04/28 17:55:39
38953000,0.0877,0,04/28 17:55:40
38951000,0.0634,0,04/28 17:55:40
38950000,0.0869,0,04/28 17:55:40
38949000,0.0848,0,04/28 17:55:40
38948000,0.1249,0,04/28 17:55:40
38963000,0.0128,1,04/28 17:55:40
38964000,0.1562,1,04/28 17:55:40
38965000,0.0529,1,04/28 17:55:40
38967000,0.1051,1,04/28 17:55:40
38968000,0.0612,1,04/28 17:55:40
38953000,0.0877,0,04/28 17:55:41
38951000,0.0634,0,04/28 17:55:41
38950000,0.0869,0,04/28 17:55:41
38949000,0.0848,0,04/28 17:55:41
38948000,0.1249,0,04/28 17:55:41
38963000,0.0128,1,04/28 17:55:41
38964000,0.1562,1,04/28 17:55:41
38965000,0.0529,1,04/28 17:55:41
38967000,0.1051,1,04/28 17:55:41
38968000,0.0612,1,04/28 17:55:41
38953000,0.0877,0,04/28 17:55:42
38951000,0.0634,0,04/28 17:55:42
38950000,0.0869,0,04/28 17:55:42
38949000,0.0848,0,04/28 17:55:42
38948000,0.1249,0,04/28 17:55:42
38963000,0.0128,1,04/28 17:55:42
38964000,0.1562,1,04/28 17:55:42
38965000,0.0529,1,04/28 17:55:42
38967000,0.1051,1,04/28 17:55:42
38968000,0.0612,1,04/28 17:55:42
38953000,0.0877,0,04/28 17:55:43
38951000,0.0634,0,04/28 17:55:43
38950000,0.0869,0,04/28 17:55:43
38949000,0.0848,0,04/28 17:55:43
38948000,0.1249,0,04/28 17:55:43
38963000,0.0128,1,04/28 17:55:43
38964000,0.1562,1,04/28 17:55:43
38965000,0.0529,1,04/28 17:55:43
38967000,0.1051,1,04/28 17:55:43
38968000,0.0612,1,04/28 17:55:43
38953000,0.0877,0,04/28 17:55:44
38951000,0.0634,0,04/28 17:55:44
38950000,0.0869,0,04/28 17:55:44
38949000,0.0848,0,04/28 17:55:44
38948000,0.1249,0,04/28 17:55:44
38963000,0.0128,1,04/28 17:55:44
38964000,0.1562,1,04/28 17:55:44
38965000,0.0529,1,04/28 17:55:44
38967000,0.1051,1,04/28 17:55:44
38968000,0.0612,1,04/28 17:55:44
38953000,0.0877,0,04/28 17:55:45
38951000,0.0634,0,04/28 17:55:45
38950000,0.0869,0,04/28 17:55:45
38949000,0.0848,0,04/28 17:55:45
38948000,0.1249,0,04/28 17:55:45
38963000,0.0128,1,04/28 17:55:45
38964000,0.1562,1,04/28 17:55:45
38965000,0.0529,1,04/28 17:55:45
38967000,0.1051,1,04/28 17:55:45
38968000,0.0612,1,04/28 17:55:45
38951000,0.0634,0,04/28 17:55:46
38950000,0.0869,0,04/28 17:55:46
38949000,0.0848,0,04/28 17:55:46
38948000,0.041,0,04/28 17:55:46
38947000,0.0318,0,04/28 17:55:46
38964000,0.1562,1,04/28 17:55:46
38965000,0.1381,1,04/28 17:55:46
38967000,0.1051,1,04/28 17:55:46
38968000,0.0612,1,04/28 17:55:46
38969000,0.1173,1,04/28 17:55:46
38951000,0.0634,0,04/28 17:55:47
38950000,0.0869,0,04/28 17:55:47
38949000,0.0848,0,04/28 17:55:47
38948000,0.041,0,04/28 17:55:47
38947000,0.0318,0,04/28 17:55:47
38964000,0.1562,1,04/28 17:55:47
38965000,0.1381,1,04/28 17:55:47
38967000,0.1051,1,04/28 17:55:47
38968000,0.0612,1,04/28 17:55:47
38969000,0.1173,1,04/28 17:55:47
38951000,0.0634,0,04/28 17:55:48
38950000,0.0869,0,04/28 17:55:48
38949000,0.0848,0,04/28 17:55:48
38948000,0.041,0,04/28 17:55:48
38947000,0.0318,0,04/28 17:55:48
38964000,0.1562,1,04/28 17:55:48
38965000,0.0529,1,04/28 17:55:48
38967000,0.1051,1,04/28 17:55:48
38968000,0.0612,1,04/28 17:55:48
38969000,0.1173,1,04/28 17:55:48
38951000,0.0064,0,04/28 17:55:49
38950000,0.0869,0,04/28 17:55:49
38949000,0.0848,0,04/28 17:55:49
38948000,0.041,0,04/28 17:55:49
38947000,0.0318,0,04/28 17:55:49
38964000,0.1562,1,04/28 17:55:49
38965000,0.0529,1,04/28 17:55:49
38967000,0.1051,1,04/28 17:55:49
38968000,0.0612,1,04/28 17:55:49
38969000,0.1173,1,04/28 17:55:49
38951000,0.0064,0,04/28 17:55:51
38950000,0.0869,0,04/28 17:55:51
38949000,0.0848,0,04/28 17:55:51
38948000,0.041,0,04/28 17:55:51
38947000,0.0318,0,04/28 17:55:51
38964000,0.1562,1,04/28 17:55:51
38965000,0.0529,1,04/28 17:55:51
38967000,0.1051,1,04/28 17:55:51
38968000,0.0612,1,04/28 17:55:51
38969000,0.1173,1,04/28 17:55:51
38951000,0.0064,0,04/28 17:55:52
38950000,0.0869,0,04/28 17:55:52
38949000,0.0848,0,04/28 17:55:52
38948000,0.041,0,04/28 17:55:52
38947000,0.0318,0,04/28 17:55:52
38964000,0.1,1,04/28 17:55:52
38965000,0.0529,1,04/28 17:55:52
38967000,0.1051,1,04/28 17:55:52
38968000,0.0612,1,04/28 17:55:52
38969000,0.1173,1,04/28 17:55:52
38964000,0.0629,0,04/28 17:55:53
38963000,0.0865,0,04/28 17:55:53
38962000,0.0382,0,04/28 17:55:53
38960000,0.067,0,04/28 17:55:53
38957000,0.0394,0,04/28 17:55:53
38969000,0.0312,1,04/28 17:55:53
38971000,0.1,1,04/28 17:55:53
38972000,0.1,1,04/28 17:55:53
38973000,0.1995,1,04/28 17:55:53
38974000,0.0084,1,04/28 17:55:53
38964000,0.0629,0,04/28 17:55:54
38963000,0.0865,0,04/28 17:55:54
38962000,0.0382,0,04/28 17:55:54
38960000,0.067,0,04/28 17:55:54
38955000,0.2219,0,04/28 17:55:54
38971000,0.1,1,04/28 17:55:54
38972000,0.1,1,04/28 17:55:54
38973000,0.1559,1,04/28 17:55:54
38974000,0.0084,1,04/28 17:55:54
38975000,0.357,1,04/28 17:55:54
38964000,0.0629,0,04/28 17:55:55
38963000,0.0865,0,04/28 17:55:55
38962000,0.0382,0,04/28 17:55:55
38960000,0.0619,0,04/28 17:55:55
38955000,0.2219,0,04/28 17:55:55
38971000,0.0759,1,04/28 17:55:55
38972000,0.1,1,04/28 17:55:55
38973000,0.1559,1,04/28 17:55:55
38974000,0.0084,1,04/28 17:55:55
38975000,0.357,1,04/28 17:55:55
38964000,0.0629,0,04/28 17:55:56
38963000,0.0865,0,04/28 17:55:56
38962000,0.0382,0,04/28 17:55:56
38960000,0.0619,0,04/28 17:55:56
38955000,0.2219,0,04/28 17:55:56
38971000,0.0759,1,04/28 17:55:56
38972000,0.1,1,04/28 17:55:56
38973000,0.1559,1,04/28 17:55:56
38974000,0.0084,1,04/28 17:55:56
38975000,0.357,1,04/28 17:55:56
38964000,0.0629,0,04/28 17:55:57
38963000,0.0865,0,04/28 17:55:57
38962000,0.0382,0,04/28 17:55:57
38960000,0.0619,0,04/28 17:55:57
38955000,0.2219,0,04/28 17:55:57
38971000,0.0524,1,04/28 17:55:57
38972000,0.1,1,04/28 17:55:57
38973000,0.1559,1,04/28 17:55:57
38975000,0.357,1,04/28 17:55:57
38976000,0.0056,1,04/28 17:55:57
38964000,0.0629,0,04/28 17:55:58
38963000,0.0865,0,04/28 17:55:58
38962000,0.0459,0,04/28 17:55:58
38960000,0.0619,0,04/28 17:55:58
38955000,0.2219,0,04/28 17:55:58
38971000,0.0524,1,04/28 17:55:58
38972000,0.1,1,04/28 17:55:58
38973000,0.1559,1,04/28 17:55:58
38975000,0.357,1,04/28 17:55:58
38976000,0.0056,1,04/28 17:55:58
38965000,0.0619,0,04/28 17:55:59
38964000,0.0629,0,04/28 17:55:59
38963000,0.0865,0,04/28 17:55:59
38962000,0.0459,0,04/28 17:55:59
38960000,0.0619,0,04/28 17:55:59
38971000,0.039,1,04/28 17:55:59
38972000,0.1,1,04/28 17:55:59
38973000,0.1559,1,04/28 17:55:59
38975000,0.357,1,04/28 17:55:59
38976000,0.0056,1,04/28 17:55:59
38972000,0.0737,0,04/28 17:56:00
38971000,0.0364,0,04/28 17:56:00
38967000,0.0896,0,04/28 17:56:00
38965000,0.1028,0,04/28 17:56:00
38964000,0.1368,0,04/28 17:56:00
38973000,0.1,1,04/28 17:56:00
38975000,0.3,1,04/28 17:56:00
38977000,0.0104,1,04/28 17:56:00
38978000,0.031,1,04/28 17:56:00
38981000,0.0692,1,04/28 17:56:00
38972000,0.0737,0,04/28 17:56:01
38971000,0.0364,0,04/28 17:56:01
38968000,0.0627,0,04/28 17:56:01
38967000,0.0896,0,04/28 17:56:01
38965000,0.1028,0,04/28 17:56:01
38973000,0.1,1,04/28 17:56:01
38975000,0.3,1,04/28 17:56:01
38977000,0.0104,1,04/28 17:56:01
38978000,0.031,1,04/28 17:56:01
38981000,0.0692,1,04/28 17:56:01
38974000,0.1652,0,04/28 17:56:02
38973000,0.0346,0,04/28 17:56:02
38972000,0.0737,0,04/28 17:56:02
38971000,0.0364,0,04/28 17:56:02
38970000,0.0861,0,04/28 17:56:02
38975000,0.3,1,04/28 17:56:02
38977000,0.0104,1,04/28 17:56:02
38978000,0.031,1,04/28 17:56:02
38981000,0.0555,1,04/28 17:56:02
38982000,0.0484,1,04/28 17:56:02
38974000,0.1652,0,04/28 17:56:03
38973000,0.0346,0,04/28 17:56:03
38972000,0.0737,0,04/28 17:56:03
38970000,0.0861,0,04/28 17:56:03
38969000,0.0409,0,04/28 17:56:03
38975000,0.2868,1,04/28 17:56:03
38977000,0.0104,1,04/28 17:56:03
38978000,0.031,1,04/28 17:56:03
38981000,0.0555,1,04/28 17:56:03
38982000,0.0484,1,04/28 17:56:03
38974000,0.1652,0,04/28 17:56:04
38973000,0.0132,0,04/28 17:56:04
38972000,0.0131,0,04/28 17:56:04
38970000,0.0861,0,04/28 17:56:04
38969000,0.0409,0,04/28 17:56:04
38975000,0.2086,1,04/28 17:56:04
38977000,0.0104,1,04/28 17:56:04
38978000,0.031,1,04/28 17:56:04
38981000,0.0555,1,04/28 17:56:04
38982000,0.0484,1,04/28 17:56:04
38974000,0.1652,0,04/28 17:56:06
38973000,0.0132,0,04/28 17:56:06
38972000,0.0738,0,04/28 17:56:06
38970000,0.0861,0,04/28 17:56:06
38969000,0.0409,0,04/28 17:56:06
38975000,0.2086,1,04/28 17:56:06
38977000,0.0104,1,04/28 17:56:06
38978000,0.031,1,04/28 17:56:06
38981000,0.0555,1,04/28 17:56:06
38982000,0.0484,1,04/28 17:56:06
38974000,0.1652,0,04/28 17:56:07
38973000,0.0132,0,04/28 17:56:07
38972000,0.0738,0,04/28 17:56:07
38970000,0.0861,0,04/28 17:56:07
38969000,0.0409,0,04/28 17:56:07
38975000,0.2086,1,04/28 17:56:07
38977000,0.0104,1,04/28 17:56:07
38978000,0.031,1,04/28 17:56:07
38981000,0.0555,1,04/28 17:56:07
38982000,0.0484,1,04/28 17:56:07
38974000,0.0782,0,04/28 17:56:08
38973000,0.0132,0,04/28 17:56:08
38972000,0.0738,0,04/28 17:56:08
38970000,0.0861,0,04/28 17:56:08
38969000,0.0409,0,04/28 17:56:08
38975000,0.2086,1,04/28 17:56:08
38977000,0.0104,1,04/28 17:56:08
38978000,0.031,1,04/28 17:56:08
38981000,0.0555,1,04/28 17:56:08
38982000,0.0484,1,04/28 17:56:08
38972000,0.0131,0,04/28 17:56:09
38967000,0.0896,0,04/28 17:56:09
38966000,0.0314,0,04/28 17:56:09
38965000,0.0551,0,04/28 17:56:09
38964000,0.0881,0,04/28 17:56:09
38975000,0.2086,1,04/28 17:56:09
38977000,0.0104,1,04/28 17:56:09
38978000,0.031,1,04/28 17:56:09
38981000,0.0555,1,04/28 17:56:09
38982000,0.1317,1,04/28 17:56:09
38967000,0.0896,0,04/28 17:56:10
38966000,0.0946,0,04/28 17:56:10
38965000,0.0551,0,04/28 17:56:10
38964000,0.1281,0,04/28 17:56:10
38963000,0.1445,0,04/28 17:56:10
38975000,0.2086,1,04/28 17:56:10
38977000,0.0104,1,04/28 17:56:10
38978000,0.031,1,04/28 17:56:10
38981000,0.0555,1,04/28 17:56:10
38982000,0.1317,1,04/28 17:56:10
38967000,0.0896,0,04/28 17:56:11
38966000,0.0946,0,04/28 17:56:11
38965000,0.0551,0,04/28 17:56:11
38964000,0.1281,0,04/28 17:56:11
38963000,0.1445,0,04/28 17:56:11
38975000,0.2086,1,04/28 17:56:11
38977000,0.0104,1,04/28 17:56:11
38978000,0.031,1,04/28 17:56:11
38981000,0.0555,1,04/28 17:56:11
38982000,0.1317,1,04/28 17:56:11
38967000,0.0896,0,04/28 17:56:12
38966000,0.0946,0,04/28 17:56:12
38965000,0.0551,0,04/28 17:56:12
38964000,0.1281,0,04/28 17:56:12
38963000,0.1445,0,04/28 17:56:12
38975000,0.2086,1,04/28 17:56:12
38977000,0.0104,1,04/28 17:56:12
38978000,0.031,1,04/28 17:56:12
38981000,0.0555,1,04/28 17:56:12
38982000,0.1317,1,04/28 17:56:12
38967000,0.0896,0,04/28 17:56:13
38966000,0.0946,0,04/28 17:56:13
38965000,0.0551,0,04/28 17:56:13
38964000,0.1281,0,04/28 17:56:13
38963000,0.1445,0,04/28 17:56:13
38975000,0.2086,1,04/28 17:56:13
38977000,0.0104,1,04/28 17:56:13
38978000,0.031,1,04/28 17:56:13
38981000,0.0555,1,04/28 17:56:13
38982000,0.1317,1,04/28 17:56:13
38967000,0.0896,0,04/28 17:56:14
38966000,0.0946,0,04/28 17:56:14
38965000,0.0551,0,04/28 17:56:14
38964000,0.1281,0,04/28 17:56:14
38963000,0.1445,0,04/28 17:56:14
38975000,0.2086,1,04/28 17:56:14
38977000,0.0104,1,04/28 17:56:14
38978000,0.031,1,04/28 17:56:14
38981000,0.0555,1,04/28 17:56:14
38982000,0.1317,1,04/28 17:56:14
38967000,0.0896,0,04/28 17:56:15
38966000,0.0946,0,04/28 17:56:15
38965000,0.0551,0,04/28 17:56:15
38964000,0.1281,0,04/28 17:56:15
38963000,0.1445,0,04/28 17:56:15
38975000,0.2086,1,04/28 17:56:15
38977000,0.0104,1,04/28 17:56:15
38978000,0.031,1,04/28 17:56:15
38981000,0.0555,1,04/28 17:56:15
38982000,0.1317,1,04/28 17:56:15
38967000,0.0896,0,04/28 17:56:16
38966000,0.0946,0,04/28 17:56:16
38965000,0.0551,0,04/28 17:56:16
38964000,0.1281,0,04/28 17:56:16
38963000,0.1445,0,04/28 17:56:16
38975000,0.2086,1,04/28 17:56:16
38977000,0.0104,1,04/28 17:56:16
38978000,0.031,1,04/28 17:56:16
38981000,0.0555,1,04/28 17:56:16
38982000,0.1317,1,04/28 17:56:16
38967000,0.0896,0,04/28 17:56:17
38966000,0.0946,0,04/28 17:56:17
38965000,0.0551,0,04/28 17:56:17
38964000,0.1281,0,04/28 17:56:17
38963000,0.1445,0,04/28 17:56:17
38975000,0.2086,1,04/28 17:56:17
38977000,0.0104,1,04/28 17:56:17
38978000,0.031,1,04/28 17:56:17
38981000,0.0555,1,04/28 17:56:17
38982000,0.1317,1,04/28 17:56:17
38967000,0.0896,0,04/28 17:56:18
38966000,0.0946,0,04/28 17:56:18
38965000,0.0551,0,04/28 17:56:18
38964000,0.1281,0,04/28 17:56:18
38963000,0.1445,0,04/28 17:56:18
38975000,0.2086,1,04/28 17:56:18
38977000,0.0104,1,04/28 17:56:18
38978000,0.031,1,04/28 17:56:18
38981000,0.0555,1,04/28 17:56:18
38982000,0.1317,1,04/28 17:56:18
38969000,0.0086,0,04/28 17:56:19
38967000,0.0896,0,04/28 17:56:19
38966000,0.0946,0,04/28 17:56:19
38965000,0.0551,0,04/28 17:56:19
38964000,0.1281,0,04/28 17:56:19
38975000,0.2047,1,04/28 17:56:19
38977000,0.0104,1,04/28 17:56:19
38978000,0.031,1,04/28 17:56:19
38981000,0.0555,1,04/28 17:56:19
38982000,0.1317,1,04/28 17:56:19
38969000,0.0086,0,04/28 17:56:21
38967000,0.0896,0,04/28 17:56:21
38966000,0.0946,0,04/28 17:56:21
38965000,0.0551,0,04/28 17:56:21
38964000,0.1281,0,04/28 17:56:21
38975000,0.2047,1,04/28 17:56:21
38977000,0.0104,1,04/28 17:56:21
38978000,0.031,1,04/28 17:56:21
38981000,0.0555,1,04/28 17:56:21
38982000,0.1317,1,04/28 17:56:21
38967000,0.0896,0,04/28 17:56:22
38966000,0.0946,0,04/28 17:56:22
38965000,0.0551,0,04/28 17:56:22
38964000,0.1281,0,04/28 17:56:22
38963000,0.1445,0,04/28 17:56:22
38975000,0.2047,1,04/28 17:56:22
38977000,0.0104,1,04/28 17:56:22
38978000,0.031,1,04/28 17:56:22
38981000,0.0555,1,04/28 17:56:22
38982000,0.1317,1,04/28 17:56:22
38967000,0.0896,0,04/28 17:56:23
38966000,0.0946,0,04/28 17:56:23
38965000,0.0551,0,04/28 17:56:23
38964000,0.1281,0,04/28 17:56:23
38963000,0.1445,0,04/28 17:56:23
38975000,0.2047,1,04/28 17:56:23
38977000,0.0104,1,04/28 17:56:23
38978000,0.031,1,04/28 17:56:23
38981000,0.0555,1,04/28 17:56:23
38982000,0.1317,1,04/28 17:56:23
38967000,0.0896,0,04/28 17:56:24
38966000,0.0946,0,04/28 17:56:24
38965000,0.0551,0,04/28 17:56:24
38964000,0.1281,0,04/28 17:56:24
38963000,0.1445,0,04/28 17:56:24
38975000,0.2047,1,04/28 17:56:24
38977000,0.0104,1,04/28 17:56:24
38978000,0.031,1,04/28 17:56:24
38981000,0.0555,1,04/28 17:56:24
38982000,0.1317,1,04/28 17:56:24
38967000,0.0896,0,04/28 17:56:25
38966000,0.0946,0,04/28 17:56:25
38965000,0.0551,0,04/28 17:56:25
38964000,0.1281,0,04/28 17:56:25
38963000,0.1445,0,04/28 17:56:25
38975000,0.2047,1,04/28 17:56:25
38977000,0.0104,1,04/28 17:56:25
38978000,0.031,1,04/28 17:56:25
38981000,0.0555,1,04/28 17:56:25
38982000,0.1317,1,04/28 17:56:25
38967000,0.0896,0,04/28 17:56:26
38966000,0.0946,0,04/28 17:56:26
38965000,0.0551,0,04/28 17:56:26
38964000,0.1281,0,04/28 17:56:26
38963000,0.1445,0,04/28 17:56:26
38975000,0.4611,1,04/28 17:56:26
38977000,0.0104,1,04/28 17:56:26
38978000,0.031,1,04/28 17:56:26
38981000,0.0555,1,04/28 17:56:26
38982000,0.1317,1,04/28 17:56:26
38966000,0.0697,0,04/28 17:56:27
38965000,0.0551,0,04/28 17:56:27
38964000,0.1281,0,04/28 17:56:27
38963000,0.1445,0,04/28 17:56:27
38959000,0.0082,0,04/28 17:56:27
38975000,0.4611,1,04/28 17:56:27
38977000,0.0104,1,04/28 17:56:27
38978000,0.031,1,04/28 17:56:27
38979000,0.0873,1,04/28 17:56:27
38981000,0.0555,1,04/28 17:56:27
38966000,0.0697,0,04/28 17:56:28
38965000,0.0551,0,04/28 17:56:28
38964000,0.1281,0,04/28 17:56:28
38963000,0.1445,0,04/28 17:56:28
38959000,0.0082,0,04/28 17:56:28
38975000,0.4611,1,04/28 17:56:28
38977000,0.0104,1,04/28 17:56:28
38978000,0.031,1,04/28 17:56:28
38979000,0.0873,1,04/28 17:56:28
38981000,0.0555,1,04/28 17:56:28
38968000,0.0836,0,04/28 17:56:29
38966000,0.0697,0,04/28 17:56:29
38965000,0.0551,0,04/28 17:56:29
38964000,0.1522,0,04/28 17:56:29
38963000,0.1445,0,04/28 17:56:29
38975000,0.4611,1,04/28 17:56:29
38977000,0.0104,1,04/28 17:56:29
38978000,0.031,1,04/28 17:56:29
38981000,0.0555,1,04/28 17:56:29
38982000,0.1317,1,04/28 17:56:29
38966000,0.0697,0,04/28 17:56:30
38965000,0.0551,0,04/28 17:56:30
38964000,0.1522,0,04/28 17:56:30
38963000,0.1445,0,04/28 17:56:30
38959000,0.0082,0,04/28 17:56:30
38975000,0.4611,1,04/28 17:56:30
38977000,0.0104,1,04/28 17:56:30
38978000,0.031,1,04/28 17:56:30
38979000,0.0874,1,04/28 17:56:30
38981000,0.0555,1,04/28 17:56:30
38966000,0.0697,0,04/28 17:56:31
38965000,0.0551,0,04/28 17:56:31
38964000,0.1522,0,04/28 17:56:31
38963000,0.1445,0,04/28 17:56:31
38959000,0.0082,0,04/28 17:56:31
38975000,0.4611,1,04/28 17:56:31
38977000,0.0104,1,04/28 17:56:31
38978000,0.031,1,04/28 17:56:31
38979000,0.0874,1,04/28 17:56:31
38981000,0.0555,1,04/28 17:56:31
38966000,0.0697,0,04/28 17:56:32
38965000,0.0551,0,04/28 17:56:32
38964000,0.1522,0,04/28 17:56:32
38963000,0.1445,0,04/28 17:56:32
38959000,0.0082,0,04/28 17:56:32
38975000,0.4611,1,04/28 17:56:32
38977000,0.0104,1,04/28 17:56:32
38978000,0.031,1,04/28 17:56:32
38979000,0.0874,1,04/28 17:56:32
38981000,0.0555,1,04/28 17:56:32
38966000,0.0697,0,04/28 17:56:33
38965000,0.0551,0,04/28 17:56:33
38964000,0.1522,0,04/28 17:56:33
38963000,0.1445,0,04/28 17:56:33
38959000,0.0082,0,04/28 17:56:33
38975000,0.4611,1,04/28 17:56:33
38977000,0.0104,1,04/28 17:56:33
38978000,0.031,1,04/28 17:56:33
38979000,0.0874,1,04/28 17:56:33
38981000,0.0555,1,04/28 17:56:33
38966000,0.0697,0,04/28 17:56:34
38965000,0.0551,0,04/28 17:56:34
38964000,0.1522,0,04/28 17:56:34
38963000,0.1445,0,04/28 17:56:34
38959000,0.0082,0,04/28 17:56:34
38975000,0.4611,1,04/28 17:56:34
38977000,0.0104,1,04/28 17:56:34
38978000,0.031,1,04/28 17:56:34
38979000,0.0874,1,04/28 17:56:34
38981000,0.0555,1,04/28 17:56:34
38966000,0.0697,0,04/28 17:56:35
38965000,0.0551,0,04/28 17:56:35
38964000,0.1522,0,04/28 17:56:35
38963000,0.1445,0,04/28 17:56:35
38959000,0.0082,0,04/28 17:56:35
38975000,0.4611,1,04/28 17:56:35
38977000,0.0104,1,04/28 17:56:35
38978000,0.031,1,04/28 17:56:35
38979000,0.0874,1,04/28 17:56:35
38981000,0.0555,1,04/28 17:56:35
38966000,0.0897,0,04/28 17:56:36
38965000,0.0551,0,04/28 17:56:36
38964000,0.1522,0,04/28 17:56:36
38963000,0.1445,0,04/28 17:56:36
38959000,0.0082,0,04/28 17:56:36
38975000,0.4611,1,04/28 17:56:36
38977000,0.0104,1,04/28 17:56:36
38978000,0.031,1,04/28 17:56:36
38979000,0.0874,1,04/28 17:56:36
38981000,0.0555,1,04/28 17:56:36
38966000,0.0897,0,04/28 17:56:38
38965000,0.0551,0,04/28 17:56:38
38964000,0.1522,0,04/28 17:56:38
38963000,0.1445,0,04/28 17:56:38
38959000,0.0082,0,04/28 17:56:38
38975000,0.4611,1,04/28 17:56:38
38977000,0.0104,1,04/28 17:56:38
38978000,0.031,1,04/28 17:56:38
38979000,0.0874,1,04/28 17:56:38
38981000,0.0555,1,04/28 17:56:38
38966000,0.2177,0,04/28 17:56:39
38965000,0.0551,0,04/28 17:56:39
38964000,0.1522,0,04/28 17:56:39
38963000,0.1445,0,04/28 17:56:39
38959000,0.0082,0,04/28 17:56:39
38975000,0.4611,1,04/28 17:56:39
38977000,0.0104,1,04/28 17:56:39
38978000,0.031,1,04/28 17:56:39
38979000,0.0874,1,04/28 17:56:39
38981000,0.0555,1,04/28 17:56:39
38966000,0.2177,0,04/28 17:56:40
38965000,0.0551,0,04/28 17:56:40
38964000,0.1522,0,04/28 17:56:40
38963000,0.1445,0,04/28 17:56:40
38959000,0.0082,0,04/28 17:56:40
38975000,0.4611,1,04/28 17:56:40
38977000,0.0104,1,04/28 17:56:40
38978000,0.031,1,04/28 17:56:40
38979000,0.0874,1,04/28 17:56:40
38981000,0.0555,1,04/28 17:56:40
38966000,0.2177,0,04/28 17:56:41
38965000,0.0551,0,04/28 17:56:41
38964000,0.1522,0,04/28 17:56:41
38963000,0.1445,0,04/28 17:56:41
38959000,0.0082,0,04/28 17:56:41
38975000,0.4611,1,04/28 17:56:41
38977000,0.0104,1,04/28 17:56:41
38978000,0.031,1,04/28 17:56:41
38981000,0.0555,1,04/28 17:56:41
38982000,0.1317,1,04/28 17:56:41
38968000,0.0865,0,04/28 17:56:42
38966000,0.2177,0,04/28 17:56:42
38965000,0.0551,0,04/28 17:56:42
38964000,0.1522,0,04/28 17:56:42
38963000,0.1445,0,04/28 17:56:42
38975000,0.4611,1,04/28 17:56:42
38977000,0.0104,1,04/28 17:56:42
38978000,0.031,1,04/28 17:56:42
38981000,0.0555,1,04/28 17:56:42
38982000,0.1317,1,04/28 17:56:42
38968000,0.0865,0,04/28 17:56:43
38966000,0.2177,0,04/28 17:56:43
38965000,0.0551,0,04/28 17:56:43
38964000,0.1522,0,04/28 17:56:43
38963000,0.1445,0,04/28 17:56:43
38975000,0.4611,1,04/28 17:56:43
38977000,0.0104,1,04/28 17:56:43
38978000,0.031,1,04/28 17:56:43
38981000,0.0555,1,04/28 17:56:43
38982000,0.1317,1,04/28 17:56:43
38968000,0.0865,0,04/28 17:56:44
38966000,0.2177,0,04/28 17:56:44
38965000,0.0551,0,04/28 17:56:44
38964000,0.1522,0,04/28 17:56:44
38963000,0.1445,0,04/28 17:56:44
38975000,0.4611,1,04/28 17:56:44
38977000,0.0104,1,04/28 17:56:44
38978000,0.031,1,04/28 17:56:44
38981000,0.0555,1,04/28 17:56:44
38982000,0.1317,1,04/28 17:56:44
38968000,0.0865,0,04/28 17:56:45
38966000,0.2177,0,04/28 17:56:45
38965000,0.0551,0,04/28 17:56:45
38964000,0.1522,0,04/28 17:56:45
38963000,0.1445,0,04/28 17:56:45
38975000,0.4611,1,04/28 17:56:45
38977000,0.0104,1,04/28 17:56:45
38978000,0.031,1,04/28 17:56:45
38981000,0.0555,1,04/28 17:56:45
38982000,0.1317,1,04/28 17:56:45
38970000,0.0607,0,04/28 17:56:46
38968000,0.0865,0,04/28 17:56:46
38967000,0.0463,0,04/28 17:56:46
38966000,0.1545,0,04/28 17:56:46
38965000,0.0551,0,04/28 17:56:46
38975000,0.1967,1,04/28 17:56:46
38977000,0.0104,1,04/28 17:56:46
38978000,0.031,1,04/28 17:56:46
38981000,0.0555,1,04/28 17:56:46
38982000,0.1317,1,04/28 17:56:46
38970000,0.0607,0,04/28 17:56:47
38968000,0.0865,0,04/28 17:56:47
38967000,0.0463,0,04/28 17:56:47
38966000,0.1545,0,04/28 17:56:47
38965000,0.0551,0,04/28 17:56:47
38975000,0.1967,1,04/28 17:56:47
38977000,0.0104,1,04/28 17:56:47
38978000,0.031,1,04/28 17:56:47
38982000,0.1317,1,04/28 17:56:47
38985000,0.0569,1,04/28 17:56:47
38970000,0.0607,0,04/28 17:56:48
38968000,0.0865,0,04/28 17:56:48
38967000,0.0463,0,04/28 17:56:48
38966000,0.1545,0,04/28 17:56:48
38965000,0.0551,0,04/28 17:56:48
38975000,0.1967,1,04/28 17:56:48
38977000,0.0104,1,04/28 17:56:48
38978000,0.031,1,04/28 17:56:48
38982000,0.1317,1,04/28 17:56:48
38985000,0.0569,1,04/28 17:56:48
38970000,0.0607,0,04/28 17:56:49
38968000,0.0865,0,04/28 17:56:49
38967000,0.0463,0,04/28 17:56:49
38966000,0.1545,0,04/28 17:56:49
38965000,0.0551,0,04/28 17:56:49
38975000,0.1967,1,04/28 17:56:49
38977000,0.0104,1,04/28 17:56:49
38978000,0.031,1,04/28 17:56:49
38982000,0.1317,1,04/28 17:56:49
38985000,0.0569,1,04/28 17:56:49
38970000,0.0607,0,04/28 17:56:50
38968000,0.0865,0,04/28 17:56:50
38967000,0.0463,0,04/28 17:56:50
38966000,0.1545,0,04/28 17:56:50
38965000,0.0551,0,04/28 17:56:50
38975000,0.1967,1,04/28 17:56:50
38977000,0.0104,1,04/28 17:56:50
38978000,0.031,1,04/28 17:56:50
38982000,0.1317,1,04/28 17:56:50
38985000,0.0569,1,04/28 17:56:50
38970000,0.061,0,04/28 17:56:52
38967000,0.0384,0,04/28 17:56:52
38966000,0.1545,0,04/28 17:56:52
38965000,0.0551,0,04/28 17:56:52
38964000,0.1122,0,04/28 17:56:52
38975000,0.1967,1,04/28 17:56:52
38977000,0.0104,1,04/28 17:56:52
38978000,0.031,1,04/28 17:56:52
38982000,0.1317,1,04/28 17:56:52
38984000,0.009,1,04/28 17:56:52
38970000,0.061,0,04/28 17:56:53
38967000,0.1268,0,04/28 17:56:53
38966000,0.1545,0,04/28 17:56:53
38965000,0.0551,0,04/28 17:56:53
38964000,0.1122,0,04/28 17:56:53
38975000,0.1808,1,04/28 17:56:53
38977000,0.0104,1,04/28 17:56:53
38978000,0.031,1,04/28 17:56:53
38982000,0.1317,1,04/28 17:56:53
38984000,0.009,1,04/28 17:56:53
38970000,0.061,0,04/28 17:56:54
38967000,0.1268,0,04/28 17:56:54
38966000,0.1545,0,04/28 17:56:54
38965000,0.0551,0,04/28 17:56:54
38964000,0.1122,0,04/28 17:56:54
38975000,0.1808,1,04/28 17:56:54
38977000,0.0104,1,04/28 17:56:54
38978000,0.031,1,04/28 17:56:54
38982000,0.1317,1,04/28 17:56:54
38984000,0.009,1,04/28 17:56:54
38970000,0.061,0,04/28 17:56:55
38967000,0.1268,0,04/28 17:56:55
38966000,0.1545,0,04/28 17:56:55
38965000,0.0551,0,04/28 17:56:55
38964000,0.1122,0,04/28 17:56:55
38975000,0.1808,1,04/28 17:56:55
38977000,0.0104,1,04/28 17:56:55
38978000,0.031,1,04/28 17:56:55
38982000,0.1317,1,04/28 17:56:55
38984000,0.009,1,04/28 17:56:55
38970000,0.0003,0,04/28 17:56:56
38966000,0.1545,0,04/28 17:56:56
38965000,0.0551,0,04/28 17:56:56
38964000,0.1122,0,04/28 17:56:56
38963000,0.1445,0,04/28 17:56:56
38975000,0.1808,1,04/28 17:56:56
38977000,0.1022,1,04/28 17:56:56
38978000,0.031,1,04/28 17:56:56
38982000,0.1317,1,04/28 17:56:56
38984000,0.009,1,04/28 17:56:56
38970000,0.0003,0,04/28 17:56:57
38966000,0.1545,0,04/28 17:56:57
38965000,0.0551,0,04/28 17:56:57
38964000,0.1122,0,04/28 17:56:57
38963000,0.1445,0,04/28 17:56:57
38975000,0.1808,1,04/28 17:56:57
38977000,0.1022,1,04/28 17:56:57
38978000,0.031,1,04/28 17:56:57
38982000,0.1317,1,04/28 17:56:57
38984000,0.009,1,04/28 17:56:57
38970000,0.0003,0,04/28 17:56:58
38966000,0.1545,0,04/28 17:56:58
38965000,0.0551,0,04/28 17:56:58
38964000,0.1122,0,04/28 17:56:58
38963000,0.1445,0,04/28 17:56:58
38975000,0.1808,1,04/28 17:56:58
38977000,0.1022,1,04/28 17:56:58
38978000,0.031,1,04/28 17:56:58
38982000,0.1317,1,04/28 17:56:58
38984000,0.009,1,04/28 17:56:58
38970000,0.0003,0,04/28 17:56:59
38966000,0.1545,0,04/28 17:56:59
38965000,0.0551,0,04/28 17:56:59
38964000,0.1122,0,04/28 17:56:59
38963000,0.1445,0,04/28 17:56:59
38975000,0.1808,1,04/28 17:56:59
38977000,0.1022,1,04/28 17:56:59
38978000,0.031,1,04/28 17:56:59
38982000,0.1317,1,04/28 17:56:59
38984000,0.009,1,04/28 17:56:59
38970000,0.0003,0,04/28 17:57:00
38966000,0.1545,0,04/28 17:57:00
38965000,0.0551,0,04/28 17:57:00
38964000,0.1122,0,04/28 17:57:00
38963000,0.1445,0,04/28 17:57:00
38975000,0.1808,1,04/28 17:57:00
38977000,0.1022,1,04/28 17:57:00
38978000,0.031,1,04/28 17:57:00
38982000,0.1317,1,04/28 17:57:00
38984000,0.009,1,04/28 17:57:00
38970000,0.0003,0,04/28 17:57:01
38966000,0.1545,0,04/28 17:57:01
38965000,0.0551,0,04/28 17:57:01
38964000,0.1122,0,04/28 17:57:01
38963000,0.1445,0,04/28 17:57:01
38975000,0.1808,1,04/28 17:57:01
38977000,0.1022,1,04/28 17:57:01
38978000,0.031,1,04/28 17:57:01
38982000,0.1317,1,04/28 17:57:01
38984000,0.009,1,04/28 17:57:01
38966000,0.0862,0,04/28 17:57:02
38965000,0.0551,0,04/28 17:57:02
38964000,0.1749,0,04/28 17:57:02
38963000,0.1445,0,04/28 17:57:02
38961000,0.0409,0,04/28 17:57:02
38975000,0.1808,1,04/28 17:57:02
38977000,0.1022,1,04/28 17:57:02
38978000,0.031,1,04/28 17:57:02
38981000,0.062,1,04/28 17:57:02
38982000,0.1317,1,04/28 17:57:02
38966000,0.0862,0,04/28 17:57:03
38965000,0.0551,0,04/28 17:57:03
38964000,0.1122,0,04/28 17:57:03
38963000,0.1445,0,04/28 17:57:03
38961000,0.0409,0,04/28 17:57:03
38975000,0.1808,1,04/28 17:57:03
38977000,0.1022,1,04/28 17:57:03
38978000,0.031,1,04/28 17:57:03
38982000,0.1317,1,04/28 17:57:03
38984000,0.009,1,04/28 17:57:03
38967000,0.1523,0,04/28 17:57:04
38966000,0.1251,0,04/28 17:57:04
38965000,0.0551,0,04/28 17:57:04
38964000,0.119,0,04/28 17:57:04
38963000,0.1445,0,04/28 17:57:04
38975000,0.1703,1,04/28 17:57:04
38977000,0.0161,1,04/28 17:57:04
38978000,0.031,1,04/28 17:57:04
38982000,0.1317,1,04/28 17:57:04
38985000,0.0569,1,04/28 17:57:04
38975000,0.0401,0,04/28 17:57:05
38969000,0.0603,0,04/28 17:57:05
38967000,0.1523,0,04/28 17:57:05
38966000,0.1251,0,04/28 17:57:05
38965000,0.0551,0,04/28 17:57:05
38977000,0.0161,1,04/28 17:57:05
38978000,0.031,1,04/28 17:57:05
38982000,0.1317,1,04/28 17:57:05
38985000,0.0569,1,04/28 17:57:05
38986000,0.1995,1,04/28 17:57:05
38981000,0.1572,0,04/28 17:57:06
38979000,0.3789,0,04/28 17:57:06
38977000,0.0104,0,04/28 17:57:06
38976000,0.1911,0,04/28 17:57:06
38975000,0.0401,0,04/28 17:57:06
38993000,0.0649,1,04/28 17:57:06
38995000,0.0323,1,04/28 17:57:06
38997000,0.0576,1,04/28 17:57:06
38998000,0.0048,1,04/28 17:57:06
38999000,0.0547,1,04/28 17:57:06
38985000,0.1242,0,04/28 17:57:07
38983000,0.09,0,04/28 17:57:07
38981000,0.2942,0,04/28 17:57:07
38980000,0.0081,0,04/28 17:57:07
38979000,0.3789,0,04/28 17:57:07
38995000,0.0323,1,04/28 17:57:07
38997000,0.0576,1,04/28 17:57:07
38998000,0.0048,1,04/28 17:57:07
38999000,0.118,1,04/28 17:57:07
39000000,0.0452,1,04/28 17:57:07
38985000,0.0409,0,04/28 17:57:08
38983000,0.09,0,04/28 17:57:08
38981000,0.2942,0,04/28 17:57:08
38980000,0.0081,0,04/28 17:57:08
38979000,0.3789,0,04/28 17:57:08
38995000,0.0323,1,04/28 17:57:08
38997000,0.1431,1,04/28 17:57:08
38998000,0.0048,1,04/28 17:57:08
38999000,0.118,1,04/28 17:57:08
39000000,0.0452,1,04/28 17:57:08
38985000,0.0159,0,04/28 17:57:10
38983000,0.09,0,04/28 17:57:10
38981000,0.2942,0,04/28 17:57:10
38980000,0.0081,0,04/28 17:57:10
38979000,0.2807,0,04/28 17:57:10
38995000,0.0323,1,04/28 17:57:10
38997000,0.1431,1,04/28 17:57:10
38998000,0.0048,1,04/28 17:57:10
38999000,0.118,1,04/28 17:57:10
39000000,0.0452,1,04/28 17:57:10
38981000,0.2942,0,04/28 17:57:11
38980000,0.048,0,04/28 17:57:11
38979000,0.1013,0,04/28 17:57:11
38976000,0.0872,0,04/28 17:57:11
38973000,0.0594,0,04/28 17:57:11
38994000,0.085,1,04/28 17:57:11
38995000,0.0323,1,04/28 17:57:11
38996000,0.0528,1,04/28 17:57:11
38997000,0.1431,1,04/28 17:57:11
38998000,0.0048,1,04/28 17:57:11
38981000,0.2942,0,04/28 17:57:12
38980000,0.048,0,04/28 17:57:12
38979000,0.1013,0,04/28 17:57:12
38976000,0.0872,0,04/28 17:57:12
38973000,0.0594,0,04/28 17:57:12
38994000,0.085,1,04/28 17:57:12
38995000,0.0323,1,04/28 17:57:12
38996000,0.0528,1,04/28 17:57:12
38997000,0.1431,1,04/28 17:57:12
38998000,0.0048,1,04/28 17:57:12
38985000,0.0637,0,04/28 17:57:13
38984000,0.0397,0,04/28 17:57:13
38983000,0.0876,0,04/28 17:57:13
38981000,0.2339,0,04/28 17:57:13
38980000,0.048,0,04/28 17:57:13
38995000,0.0323,1,04/28 17:57:13
38996000,0.0528,1,04/28 17:57:13
38997000,0.0576,1,04/28 17:57:13
38998000,0.0048,1,04/28 17:57:13
38999000,0.5118,1,04/28 17:57:13
38985000,0.0637,0,04/28 17:57:14
38984000,0.0397,0,04/28 17:57:14
38983000,0.0876,0,04/28 17:57:14
38981000,0.2339,0,04/28 17:57:14
38980000,0.048,0,04/28 17:57:14
38994000,0.0218,1,04/28 17:57:14
38995000,0.0323,1,04/28 17:57:14
38996000,0.0528,1,04/28 17:57:14
38997000,0.0576,1,04/28 17:57:14
38998000,0.0048,1,04/28 17:57:14
38985000,0.0637,0,04/28 17:57:15
38984000,0.0397,0,04/28 17:57:15
38983000,0.0876,0,04/28 17:57:15
38981000,0.2339,0,04/28 17:57:15
38980000,0.0081,0,04/28 17:57:15
38994000,0.0218,1,04/28 17:57:15
